2667 4142
757 229 879 295 DE
936 229 1222 295 FALSA
1277 230 1810 298 LEGATIONE.
2137 234 2223 302 77

60 427 72 457 ι
201 421 311 460 100
468 392 638 458 Οἶδα
672 392 881 459 τοίνυν
916 392 1014 459 ὅτι
1041 394 1186 465 τοίς
1213 393 1330 475 μὲν
1358 394 1516 479 ὑπὲρ
1546 398 1672 461 τῶν
1701 394 2221 481 κατηγορημένων
2250 406 2325 463 88

192 1440 291 1478 101

337 496 529 563 αὑτοῦ
568 494 795 579 λόγους
834 496 1151 585 Αἰσχίνης
1192 496 1502 579 φεύξεται,
1545 497 1934 578 ,Βουλόμενος
1966 494 2021 559 δ’
2061 494 2221 577 ὑμᾶς

334 598 414 669 ὥς
460 598 854 687 ποῤῥωτάτω
904 603 1029 664 τῶν
1079 598 1547 685 πεπραγμένων
1598 598 1870 682 ἀπάγειν
1927 598 2225 683 διέξεισιν

329 702 525 782 ἡλίκα
558 706 766 768 πᾶσιν
794 700 1145 789 ἀνθρώποις
1176 701 1391 783 ἀγαθὰ
1418 703 1490 766 ἐκ
1524 705 1634 781 τῆς
1663 701 1908 788 εἰρήνης
1934 705 2220 785 γὺγνεται

331 803 438 870 καὶ
467 803 826 870 τούναντίον
850 806 919 869 ἐκ
948 809 1061 870 τοῦ
1090 804 1378 886 πολέμου
1406 802 1586 882 κακά,
1619 804 1723 869 καὶ
1752 802 1914 875 ὅλως
1942 804 2220 887 ἐγκώμια

329 905 570 991 εἰρήνης
609 908 747 991 ἐρεῖ,
790 906 897 971 καὶ
943 910 1205 972 τοιαῦτα
1247 905 1741 988 ἀπολογήσεται.
1832 904 1975 971 ἔστι
2014 904 2082 972 δὲ
2108 906 2217 972 καὶ

327 1014 530 1076 ταῦτα
572 1008 787 1076 πάντα
829 1008 1325 1094 κατηγορήματα
1374 1008 1613 1074 τούτου.
1721 1006 1778 1073 εἰ
1823 1007 1946 1093 γὰρ
1996 1007 2035 1089 ἦ
2087 1013 2218 1079 τοῖς

326 1110 551 1180 ἄλλοις
592 1108 845 1192 ἀγαθῶν
877 1110 1055 1176 αἰτία
1092 1109 1415 1176 τοσούτων
1459 1109 1854 1193 πραγμάτων
1892 1109 2000 1175 καὶ
2039 1120 2216 1190 τηλι-

326 1210 555 1289 καύτης
605 1215 889 1299 ταραχῆς
933 1210 1085 1292 ἡμῖν
1121 1210 1295 1275 αἰτία
1331 1209 1569 1293 γέγονε,
1608 1212 1673 1277 τί
1708 1236 1803 1277 τις
1842 1209 1998 1276 εἶναι
2027 1216 2213 1277 τοῦτο

325 1317 413 1396 φῇ
472 1311 643 1394 πλὴν
699 1312 798 1377 ὅτι
857 1311 1026 1397 δῶρα
1080 1311 1395 1389 λαβόντες
1453 1311 1625 1377 οὗτοι
1690 1312 1887 1377 καλὸν
1942 1315 2212 1398 πρᾶγμα

324 1415 512 1498 φύσει
561 1417 765 1484 κακῶς
812 1414 1140 1495 διέθηκαν;
1189 1414 1258 1481 τί
1297 1413 1378 1493 δ’;
1429 1414 1500 1480 οὐ
1539 1412 1810 1501 τριήρεις
1853 1413 2209 1500 τριακόσιαι
2235 1418 2310 1490 89

321 1516 427 1580 καὶ
487 1515 683 1596 σκεύη
741 1516 995 1587 ταύταις
1053 1516 1160 1581 καὶ
1218 1513 1496 1603 χρήμαθ’
1555 1512 1700 1596 ὑμῖν
1756 1516 2044 1601 περίεστι
2099 1517 2208 1584 καὶ

320 1666 486 1713 anx.
524 1664 623 1716 Sed
654 1664 740 1714 τὸν
769 1680 870 1714 om.
908 1665 959 1714 S.
981 1665 1041 1713 Y.
1066 1665 1166 1713 En.
1193 1664 1371 1713 Tmuc.
1400 1663 1558 1712 Dum.
1581 1663 1752 1716 Volm.
1783 1663 1948 1715 anx.
1973 1667 2039 1716 st.
2073 1665 2202 1714 Con·

320 1729 524 1777 cinnius
546 1729 810 1787 omissum,
833 1743 957 1778 nam
980 1729 1116 1777 idem
1146 1731 1225 1777 est
1259 1730 1284 1778 ὁ
1316 1731 1464 1777 αἴτιος
1498 1731 1578 1777 καὶ
1611 1729 1997 1790 παρασκευάσας.
2085 1729 2198 1781 Vid.

319 1798 494 1842 tamen
526 1797 585 1853 ἐξ
612 1795 722 1852 177,
758 1796 870 1852 320,
911 1794 1023 1850 356,
1059 1792 1299 1860 Aristocr.
1336 1806 1387 1852 p.
1428 1793 1522 1841 664
1558 1795 1585 1853 ς
1627 1793 1736 1840 132.
1825 1793 1900 1841 cf.
1943 1794 2202 1842 Maetzner

320 1857 386 1969 {d
413 1857 628 1920 Antiph.
670 1872 712 1906 c.
752 1859 960 1907 Noverc.
994 1860 1019 1918 g
1051 1859 1130 1909 21.
1202 1856 1285 1906 Sic
1321 1858 1348 1908 ὁ
1399 1855 1550 1918 φύσας
1585 1859 1660 1917 χώ
1702 1858 1851 1906 τεκὼν
1883 1856 2011 1910 Eur.
2046 1858 2197 1909 Herc.

661 2011 666 2016 -
746 1986 796 2026 οὓ

414 2039 440 2097 ξ
475 2035 583 2086 100.
658 2037 808 2084 αὐτῶν
831 2035 881 2085 S.
952 2034 1134 2096 Itaque
1157 2036 1313 2084 αὐτῶν
1336 2036 1432 2086 En.
1464 2035 1645 2084 Teme.
1669 2036 1824 2084 Dmn.
1856 2032 2026 2083 Vm.
2063 2035 2199 2097 quod

320 2099 492 2160 ipsum
515 2099 700 2147 maluit
720 2099 901 2150 Rmsx.
976 2098 1114 2154 Satis
1136 2099 1295 2160 proba
1323 2114 1415 2161 per
1448 2114 1501 2148 se
1535 2099 1716 2148 lectio:
1753 2099 1843 2148 sed
1875 2114 1982 2147 non
2017 2099 2198 2148 invitis

321 2163 502 2213 ceteris
545 2162 785 2211 omnibus
840 2162 996 2212 Codd.
1046 2162 1374 2213 infercienda.
1445 2164 1682 2212 Ceterum
1737 2165 1897 2224 αὐτοῦ,
1944 2165 2004 2212 ut
2051 2163 2198 2219 solet,

319 2227 487 2277 anx.
533 2227 700 2293 (αὑτοῦ
730 2228 898 2275 anx.
933 2228 1155 2276 Berolin.
1189 2229 1243 2276 et
1280 2229 1367 2291 st.)
1405 2228 1538 2289 αὐτῷ
1584 2230 1707 2277 vett.
1745 2226 1874 2276 Edd.
1920 2226 2057 2288 quod
2098 2241 2200 2287 qua

319 2291 622 2340 auctoritate
643 2291 844 2339 nitatur
854 2290 1332 2340 nescim—wavra
1358 2292 1498 2355 (ante
1516 2293 1911 2354 κατηγορήματα)
1930 2305 2031 2340 om.
2059 2290 2111 2341 S.
2132 2291 2192 2339 Ο.

317 2355 414 2405 En.
443 2355 625 2404 Temo.
649 2356 807 2405 Dmn.
834 2354 1001 2404 Vomtt.
1030 2355 1199 2403 Bmm.
1224 2357 1405 2403 st.—-—·
1421 2358 1616 2418 ἀγαθάς
1639 2356 1692 2405 S.
1717 2355 2196 2416 Ω.--τηλικαύτης

318 2432 419 2467 om.
452 2419 505 2468 S.
541 2419 593 2467 k.
629 2433 671 2467 s.
717 2423 796 2468 δα.
835 2417 918 2466 Al.
950 2419 1048 2466 En.
1090 2417 1269 2468 Temo,
1307 2419 1464 2469 Dmn.
1510 2419 1681 2468 Vomt.
1719 2420 1889 2468 anx.
1930 2421 2196 2480 ιιι-φῇ

317 2483 526 2531 nonnisi
550 2483 602 2532 S.
625 2483 675 2533 k.
699 2498 739 2533 r.
770 2497 811 2531 s.
833 2482 912 2531 Al.
985 2481 1155 2530 Ceteri
1177 2485 1297 2545 φαίη
1328 2482 1464 2545 quod
1494 2483 1798 2536 notandum.
1861 2482 1940 2532 De
1962 2489 2114 2545 optat.
2144 2486 2196 2531 et

319 2549 446 2609 conj.
473 2546 701 2596 confusis
723 2545 825 2595 vid.
850 2549 875 2605 ἓ
898 2547 990 2595 151
1015 2549 1040 2605 g
1064 2547 1174 2598 197.

408 2614 434 2671 g
457 2612 567 2661 101.
638 2612 871 2660 διακόσιαι
891 2611 939 2659 k.
962 2625 1001 2659 r.
1032 2624 1071 2659 s,
1101 2612 1180 2659 6²²⁸.
1208 2617 1285 2659 em.
1311 2610 1392 2659 A¹.
1417 2611 1496 2661 ΑΒ.
1521 2611 1667 2661 Harl.
1734 2611 1831 2661 Pro
1849 2611 2200 2673 ὑπολαμβάνειν

312 2674 474 2735 Marg.
499 2674 598 2723 Ed.
621 2675 791 2725 Lutet.
819 2692 897 2739 γρ.
920 2677 1226 2738 ὑποβάλλειν.
1277 2682 1308 2703 “
1328 2674 1464 2725 Satis
1488 2679 1668 2737 aptum
1689 2676 1811 2726 huic
1833 2677 1946 2724 loco
1965 2675 2197 2733 verbum,

374 2803 486 2854 369.
556 2803 709 2866 5100.
764 2804 1011 2867 Compare
1029 2820 1082 2867 p.
1106 2807 1202 2855 419

310 2868 454 2925 §387
476 2870 544 2928 μὴ
579 2872 697 2931 λέγε
731 2869 791 2919 ὥς
834 2873 981 2919 καλὸν
1025 2870 1200 2930 εἰρήνη.

307 2932 588 2980 Aeschines
615 2931 850 2982 nowhere
880 2934 1114 2993 indulges
1145 2934 1204 2983 in

310 3010 410 3057 any
454 2995 583 3044 such
618 2998 885 3046 oratorical
919 2999 1098 3057 strain,
1143 3013 1201 3046 as

310 3074 406 3108 one
436 3060 604 3120 might
627 3063 803 3122 expect
826 3062 961 3109 from
995 3061 1081 3111 his
1119 3061 1202 3110 ad·

307 3127 558 3185 versary’s
603 3126 1081 3175 statement—2³1<
1116 3130 1201 3185 τῆς

310 3188 491 3249 εἰρήνης
514 3189 720 3249 (“from
730 3192 934 3251 peace‚'’
948 3191 1040 3237 not
1064 3195 1094 3218 “
1118 3193 1199 3238 the

308 3266 459 3311 peace
474 3252 549 3316 '’):
604 3265 661 3300 so
697 3253 806 3301 also
849 3255 934 3302 τοῦ
970 3256 1197 3312 πολέμου·

308 3317 519 3377 ἐγκώμια
556 3317 738 3379 εἰρήνης
770 3316 944 3376 below,
974 3317 1079 3367 and
1109 3319 1198 3366 the

306 3380 508 3438 general
530 3383 735 3429 context
766 3395 918 3442 prove
952 3381 1073 3432 this,
1146 3383 1197 3430 It

305 3457 423 3505 may
441 3444 504 3492 be
533 3458 719 3506 proper
754 3446 809 3492 to
842 3445 1051 3494 observe
1083 3445 1198 3495 that

306 3507 523 3557 abstract
545 3508 711 3556 words
741 3506 800 3556 in
833 3507 1000 3558 Greek
1034 3510 1196 3558 admit

307 3585 362 3619 or
411 3572 568 3634 reject
611 3572 702 3620 the
757 3572 947 3622 article.
1013 3574 1189 3635 Gomp.

307 3637 331 3696 ὁ
367 3636 514 3696 δῆμος
553 3639 579 3697 ἓ
615 3638 724 3687 149.
859 3636 961 3685 For
1005 3636 1200 3698 ἀγαθῶν

305 3701 526 3762 opposed
561 3702 617 3751 to
651 3702 953 3764 πραγμάτων
995 3701 1194 3752 Schaef.

1304 2806 1464 2855 refers
1494 2809 1552 2856 to
1587 2805 1740 2857 Arist.
1776 2808 1908 2859 Plut.
1955 2807 2049 2856 651
2086 2809 2195 2858 KA.

1308 2874 1446 2919 ἄκουε
1466 2875 1619 2920 τοίνυν
1641 2874 1700 2923 ὡς
1723 2875 1819 2935 ἐγὼ
1838 2875 1902 2922 τὰ
1933 2873 2198 2935 πράγματα
2216 2901 2227 2907 -

1332 2933 1342 2998 Ι
1373 2937 1472 2995 (the
1493 2938 1646 2984 whole
1678 2939 1876 2997 matter)
1901 2939 1954 2985 ἐκ
1983 2938 2078 2985 τῶν
2110 2956 2195 2986 πο-

1306 3000 1397 3047 δῶν
1419 3003 1464 3050 ἐς
1499 3003 1588 3059 τὴν
1624 3001 1841 3061 κεφαλήν
1879 3000 1896 3063 (
1898 3001 2034 3062 from
2069 3003 2195 3049 head

1305 3070 1355 3111 to
1370 3065 1500 3126 soot)
1526 3082 1602 3113 σοι
1640 3064 1781 3112 πάντ’
1819 3066 1924 3126 epea.
1958 3063 1966 3128 Ι
1997 3066 2091 3118 P'r.
2127 3069 2193 3124 μὴ

1304 3127 1406 3186 δητ’
1429 3131 1582 3189 ἔμοιγ’
1615 3129 1662 3179 ἐς
1699 3131 1787 3187 τὴν
1819 3129 2035 3188 κεφαλήν
2064 3130 2195 3191 (sall

1302 3205 1367 3240 on
1399 3207 1478 3254 my
1502 3194 1662 3255 head).
1719 3194 1827 3241 ΚΑ.
1850 3195 1918 3251 μὴ
1940 3194 2189 3255 τάγαθά,

1331 3254 1341 3320 Ι
1370 3254 1403 3304 ἅ
1427 3259 1506 3304 νῦν
1540 3259 1831 3320 γεγένηταις
1874 3258 1911 3305 Γ
1911 3259 1965 3305 Τ.
2005 3260 2078 3318 μὴ
2107 3261 2193 3314 μὲν

1302 3322 1382 3367 οὖν
1434 3323 1504 3368 τὰ
1557 3321 1876 3383 πράγματα
1933 3322 2046 3384 (ΝΟ,
2100 3336 2190 3371 no:

1304 3386 1384 3431 the
1420 3384 1665 3447 troubles).
1802 3387 1946 3434 καλὸν
1988 3387 2191 3447 πρᾶγμα

1300 3448 1441 3508 φύσει
1464 3451 1629 3510 κ.τ.λ.]
1668 3453 1703 3478 “
1717 3450 1760 3497 A
1775 3449 1923 3509 thing
1934 3450 2191 3511 naturally

1301 3526 1359 3560 so
1403 3512 1500 3559 fair
1539 3511 1664 3574 they
1715 3512 1937 3573 brought
1992 3512 2104 3562 into
2159 3530 2190 3563 a

1297 3575 1550 3624 wretched
1570 3576 1846 3637 position.”

1364 3643 1390 3700 ἓ
1415 3641 1526 3688 101.
1592 3643 1803 3703 περίεστι
1821 3644 1897 3689 καὶ
1921 3641 2188 3703 περιέσται]

1300 3702 1411 3753 One
1454 3703 1619 3766 might
1656 3708 1834 3768 expect
1870 3724 1925 3755 τε
1967 3709 2063 3758 καί·
2097 3705 2190 3758 but
