2667 4142
756 206 876 271 DE
936 204 1219 273 FALSA
1275 208 1799 311 LEGATIONE.
2087 212 2211 273 225

343 362 768 451 ἀφῃρημένην,
799 363 1039 435 τούτοις
1085 365 1138 430 δ’
1169 364 1211 430 ἃ,
1254 364 1397 447 μηδ’
1438 364 1586 451 ὄναρ
1624 365 1914 445 ἤλπισαν
1954 364 2215 432 πώποτε

344 465 760 548 κτησαμένην,
786 464 898 528 οὐκ
915 464 1094 531 αὐτοὶ
1109 464 1363 536 τούτους
1387 466 1791 533 ἀπεκτείνατε
1820 467 1996 533 ἀλλὰ
2024 495 2215 548 κατη-

342 567 533 650 γόρου
561 568 962 652 προσδεῖσθε,
995 569 1102 634 καὶ
1143 568 1315 656 λόγῳ
1361 570 1599 654 κρίνετε
1642 567 1726 635 ὧν
1770 570 1930 656 ἔργῳ
1968 569 2217 650 τάδική-

344 696 518 749 ματα
545 670 778 739 πάντες
807 670 1057 754 ὁρῶσιν.

475 771 575 835 Οὔ
603 773 810 837 τοίνυν
855 771 935 837 τὰ
977 771 1186 837 πάλαι
1232 771 1309 836 ἄν
1339 800 1432 842 τις
1462 772 1601 860 ἔχοι
1643 772 1832 855 μόνον
1859 771 2075 851 εἰπεῖν,
2109 772 2211 837 καὶ
2241 788 2354 861 276

344 870 446 936 διᾶ
494 872 732 938 τούτων
782 875 908 938 τῶν
956 873 1489 959 παραδειγμάτων
1538 874 1696 956 ὑμᾶς
1754 875 1861 939 ἐπὶ
1912 873 2215 960 τιμωρίαν

343 976 809 1060 παρακαλέσαι·
853 974 1001 1039 ἀλλ’
1047 975 1144 1061 ἐφ’
1176 976 1350 1057 ὑμῶν
1392 979 1655 1042 τουτωνὶ
1698 981 1823 1042 τῶν
1852 977 1943 1042 ἔτι
1976 979 2214 1058 ζώντων

197 792 321 850 314

342 1076 692 1162 ἀνθρώπων
735 1078 974 1143 πολλοὶ
1017 1076 1194 1159 δίκην
1240 1078 1597 1154 δεδώκασιν,
1631 1079 1716 1145 ὧν
1761 1081 1883 1163 ἐγώ
1916 1081 2057 1148 τοὺς
2099 1081 2214 1163 μὲν

343 1175 582 1247 ἄλλους
637 1179 1046 1263 παραλείψω,
1108 1182 1232 1243 τῶν
1290 1179 1343 1244 δ’
1404 1182 1475 1245 ἐκ
1530 1182 1896 1266 πρεσβείας,
1947 1179 1986 1260 ἢ
2045 1183 2215 1247 πολὺ

344 1279 573 1357 ταύτης
631 1279 879 1344 ἐλάττω
938 1280 1107 1345 κακὰ
1162 1281 1273 1362 τὴν
1321 1282 1515 1347 πόλιν
1573 1284 1916 1365 εἴργασται,
1970 1283 2222 1369 θανάτῳ

349 1378 775 1459 ζημιωθέντων
817 1380 946 1449 ἑνὸς
989 1380 1227 1459 ἧδυοῖν
1269 1382 1841 1467 ἐπιμνησθήσομαι.
1935 1385 2069 1450 Καί
2107 1410 2216 1466 μοι

345 1478 494 1562 λέγε
522 1481 697 1546 τουτὶ
724 1481 798 1546 τὸ
823 1481 1141 1568 ψήφισμα
1168 1482 1407 1560 λαβών.

1031 1664 1041 1751 1
1081 1650 1531 1733 ΨΗΦΙΣΜΑ.
2235 1693 2365 1757 430

477 1784 668 1851 Κατὰ
709 1786 885 1851 τουτὶ
925 1786 997 1851 τὸ
1042 1787 1362 1873 ψήφισμα
1393 1785 1442 1850 ὦ
1480 1785 1694 1871 ἄνδρες
1720 1785 2044 1868 Ἀθηναῖοι
2087 1790 2212 1852 τῶν
2240 1815 2346 1871 277

343 1887 683 1973 πρέσβεων
712 1889 975 1967 ἐκείνων,
1005 1886 1176 1970 ὑμεῖς
1213 1889 1484 1953 θάνατον
1513 1890 1877 1969 κατέγνωτε,
1910 1887 1993 1954 ὦν
2022 1889 2107 1958 εἷς
2135 1889 2213 1969 ἦν

342 1988 746 2075 Ἐπικράτης,
791 1989 960 2076 α’νήρ,
1016 1990 1095 2059 ὥς
1142 1990 1264 2071 ἐγώ
1312 1991 1439 2055 τῶν
1481 1990 1936 2076 πρεσβυτέρων
1983 1989 2207 2066 ἀκούω,

343 2089 688 2161 σπουδαῖος
727 2091 835 2156 καὶ
878 2091 1099 2156 πολλὰ
1136 2089 1453 2180 χρήσιμος
1490 2093 1567 2174 τῇ
1611 2093 1802 2156 πόλει
1841 2093 1948 2156 καὶ
1976 2096 2100 2157 τῶν
2143 2094 2213 2157 ἐκ

197 1821 313 1880 315

440 2287 595 2345 5313.
666 2266 969 2335 ἀποκτενεῖτε
1009 2285 1066 2336 F.
1113 2284 1169 2345 Q.
1206 2285 1256 2337 k.
1297 2300 1339 2336 r.
1382 2299 1421 2336 s.
1465 2289 1540 2335 em.
1589 2284 1669 2336 ΑΙ.
1719 2285 1778 2335 Β.
1828 2286 1971 2336 Hau-L
2029 2289 2065 2313 ‘⁴
2080 2302 2209 2348 quae

341 2350 521 2475 {2331
522 2349 665 2465 ἐξῇ,
679 2350 869 2400 locutio
915 2351 1008 2411 (ait
1057 2349 1298 2411 Trana.)
1344 2350 1391 2398 si
1441 2349 1803 2409 interrogative
1847 2365 2021 2399 sumas
2073 2352 2208 2400 hanc

439 2478 595 2537 §314
666 2480 819 2527 πάλαι
844 2478 894 2528 S.
922 2478 982 2528 Y.
1052 2477 1239 2526 παλαιοὶ
1260 2477 1427 2537 vulgo,
1498 2477 1665 2527 παλαί’
1691 2476 1863 2527 Cobet.
1902 2477 2017 2528 Var.
2061 2478 2200 2530 Lect.

342 2555 392 2602 Ρ.
417 2543 512 2589 384
530 2546 562 2569 “
581 2557 704 2590 nam
727 2543 913 2590 dicitur
935 2545 978 2591 οἱ
995 2545 1148 2590 πάλαι
1169 2541 1257 2590 sed
1277 2545 1341 2590 τὰ
1359 2544 1513 2590 πάλαι
1529 2540 1759 2603 γενόμενα
1781 2544 1870 2590 aut
1886 2545 1948 2590 τὰ
1971 2542 2205 2592 παλαιά.”

343 2606 535 2654 Contra
566 2605 692 2654 citat
723 2606 944 2656 Voemel.
976 2606 1129 2667 Soph.
1163 2605 1281 2656 Oed.
1311 2606 1371 2655 R.
1400 2606 1509 2655 916.
1577 2605 1643 2652 ln
1679 2606 1823 2666 Lept.
1865 2608 1890 2664 ἓ
1918 2607 1979 2654 81
2018 2620 2066 2667 p.
2112 2607 2207 2655 482

344 2671 553 2718 παλαιαῖς
572 2670 704 2731 vulg.
743 2670 833 2718 sed
853 2673 1007 2719 πάλαι
1031 2670 1082 2719 S.
1107 2668 1197 2718 alii
1218 2670 1441 2730 optimae
1473 2671 1626 2716 notae
1654 2668 1786 2717 libri.
1855 2670 2000 2717 Idem
2033 2671 2206 2720 Cobet.

341 2735 440 2782 τῶν
482 2736 552 2782 ἔτι
592 2737 773 2794 ζώντων
817 2737 1071 2796 ἀνθρώπων
1112 2736 1142 2762 “
1159 2733 1437 2782 absurdum
1481 2732 1928 2783 additamentum''
1966 2736 2205 2795 appellat.

470 2796 568 2845 Pro
603 2799 741 2859 κακοὶ,
780 2800 902 2847 κατὰ
938 2798 986 2847 S.
1024 2798 1084 2848 Ο.
1123 2800 1162 2846 t.
1228 2800 1352 2849 δυεῖν
1396 2812 1441 2847 r.
1487 2812 1527 2848 Β.
1575 2798 1637 2846 Β.
1706 2804 1737 2826 “
1758 2796 1842 2848 Sic
1876 2797 1964 2847 ille
1999 2798 2045 2848 si
2081 2799 2208 2848 bene

339 2860 557 2910 memini
577 2861 765 2923 ubique
780 2865 811 2888 ’⁹
832 2862 1016 2913 Rmsx.

339 3031 609 3094 destroyed
628 3031 718 3082 the
738 3033 1004 3081 fortresses
1026 3032 1081 3080 of
1099 3046 1228 3094 your

340 3096 486 3145 allies
509 3096 676 3145 andis
690 3097 920 3158 building
935 3097 1022 3145 the
1039 3096 1226 3145 houses

338 3161 395 3208 οἱ
426 3174 554 3221 your
585 3160 953 3217 ambassadorS,
988 3159 1083 3208 has
1121 3175 1226 3208 car-

338 3223 450 3271 ried
491 3224 563 3272 off
604 3238 698 3273 our
742 3226 996 3286 country’s
1027 3238 1224 3285 posses-

339 3287 497 3347 sione,
553 3288 656 3336 and
707 3289 895 3337 earned
950 3289 1030 3336 for
1081 3288 1227 3336 them

340 3352 450 3410 (the
492 3353 700 3415 envoys)
731 3353 870 3401 what
902 3351 1026 3413 they
1070 3366 1228 3400 never

337 3416 580 3476 expected
631 3431 759 3465 even
804 3416 862 3465 in
915 3431 947 3465 a
1000 3415 1185 3465 dream.
1195 3416 1229 3441 ”

339 3478 505 3528 There
541 3479 588 3528 is
624 3480 868 3541 probably
900 3494 969 3529 an
1006 3479 1226 3528 allusion

337 3545 394 3591 to
447 3543 537 3592 the
580 3544 793 3605 proverb
842 3546 954 3607 ὄναρ
1006 3547 1229 3593 πλουτεῖν

338 3606 496 3720 {into
528 3608 736 3659 Theaet.
808 3610 903 3659 208
953 3608 1018 3668 Β,
1076 3607 1226 3671 Lysis

510 3788 559 3835 s,
586 3788 742 3859 mm.

1384 3031 1496 3080 430.
1506 3035 1532 3092 g
1544 3031 1648 3080 315.
1661 3031 2056 3093 Harpocration:
2072 3033 2207 3081 ’Em-

1320 3097 1517 3156 κράτηςῑ
1574 3096 1748 3145 Ἰσαῖος
1790 3099 1837 3145 ἐν
1870 3098 1942 3157 τῷ
1974 3099 2078 3159 περὶ
2114 3098 2209 3144 τῶν

1321 3163 1373 3209 ἐν
1417 3162 1691 3220 Μακεδονίᾳ
1742 3162 1987 3222 ῥηθέντων.
2076 3160 2209 3210 οὗτός

1321 3228 1452 3274 ἐστιν
1474 3226 1498 3272 ὁ
1520 3225 1613 3272 τῶν
1635 3222 1893 3281 Ἀθηναίων
1925 3224 2209 3287 δημαγωγὸς

1322 3290 1350 3337 ὀ
1372 3290 1672 3348 Σακεσφόροο
1697 3289 1798 3349 [the
1829 3303 1946 3335 man
1973 3291 2096 3337 with
2125 3291 2208 3337 the

1320 3352 1499 3401 beard:
1548 3365 1631 3399 see
1653 3350 1912 3411 Aristoph.
1936 3351 2206 3401 Ecclesiae.

1323 3417 1383 3467 71
1421 3412 1606 3477 κᾶγωγ’
1629 3413 1938 3476 Ἐπικράτους
1955 3416 2037 3464 οὐκ
2058 3419 2212 3478 ὀλίγῳ

1320 3483 1549 3530 καλλίονα
1566 3478 1810 3542 (πώγωνα)
1829 3478 1931 3527 and
1950 3479 2039 3528 the
2054 3481 2206 3529 Scho-

1318 3544 1439 3592 liast
1488 3543 1600 3592 who
1653 3546 1830 3605 quotes
1878 3543 2013 3592 from
2072 3544 2206 3594 Plat.

1320 3608 1507 3656 Comic.
1557 3610 1670 3669 ἅναξ
1710 3606 1889 3667 ὑπήνης
1925 3606 2208 3669 Ἐπίκρατες

1318 3673 1607 3735 σακεσφόρε.
1675 3670 1769 3722 See
1790 3685 1928 3719 more
1949 3670 2008 3719 in
2037 3671 2210 3719 Maus·

1955 3774 2032 3831 15
