2667 4142
767 198 886 263 DE
943 157 1225 264 ii'ALSA
1281 200 1808 267 LEGATIONE.
2138 203 2219 266 23

351 356 660 441 συμφέρει
689 360 766 440 τῇ
801 355 1006 431 πόλει,
1045 357 1151 421 καὶ
1186 359 1333 443 περὶ
1376 363 1502 425 τῶν
1544 361 1610 425 ἐν
1652 357 2078 442 Ἀμφικτύοσι
2116 360 2222 426 καὶ

351 455 500 540 περὶ
529 460 654 521 τῶν
683 456 902 520 ἄλλων
935 456 1247 532 ἁπάντων,
1288 459 1397 524 καὶ
1433 459 1717 541 διεξῆλθε
1750 459 1944 542 λό’γον
1984 461 2224 548 μακρὸν

352 552 514 634 ὑμῖν,
548 550 617 618 ’ὃν
645 554 809 617 κατὰ
837 555 1144 635 Θηβαίων
1174 556 1370 621 εἰπεῖν
1397 561 1554 642 πρὸς
1583 558 1919 623 Φίλιππον
1947 559 2083 641 ἔφη,
2116 559 2223 624 καὶ

353 655 434 719 τὰ
465 653 783 738 κεφάλαια
811 654 1162 736 ἀπήγγειλε
1188 656 1345 742 πρὸς
1375 656 1548 739 ὑμᾶς,
1584 659 1687 722 καὶ
1717 656 2121 740 ἀπελογίζετο
2152 660 2224 723 ἐκ

353 760 478 821 τῶν
533 758 736 843 ἑαυτῷ
790 759 1366 842 πεπρεσβευμένων
1422 759 1593 826 δυοῖν
1638 760 1681 841 ἢ
1740 765 1929 848 τριῶν
1979 759 2224 844 ἡμέρων

353 856 530 940 ὑμᾶς,
574 860 871 941 μένοντας
915 861 1073 923 οἴκοι
1116 862 1222 924 καὶ
1265 860 1336 924 οὐ
1379 861 1906 947 στρατευομένους
1941 859 2063 925 οὐδ’
2094 862 2223 924 ἐνο-

353 962 756 1048 χλουμένους,
810 963 1038 1044 Θήβας
1094 964 1210 1045 ,ιίὲν
1266 964 1802 1049 πολιορκουμένας
1847 962 2038 1033 αὐτὰς
2082 962 2221 1028 καθ’

354 1062 546 1134 αὑτὰς
572 1064 767 1152 χωρὶς
795 1069 904 1145 τῆς
935 1066 1138 1146 ἄλλης
1174 1066 1477 1137 Βοιωτίας
1500 1065 1902 1141 ἀκούσεσθαι,
1937 1065 2224 1134 Θεσπιὰς
2253 1093 2320 1132 21

254 1193 325 1249 23
354 1162 556 1229 δὲκαὶ
597 1164 933 1234 Πλαταιὰς
968 1164 1366 1245 οἰκιζομένας,
1413 1168 1502 1252 τῷ
1546 1167 1667 1251 θεῷ
1709 1166 1775 1230 δὲ
1803 1165 1887 1230 τὰ
1926 1166 2224 1252 χρήματα

352 1263 850 1350 εἰσπραττόμενα
883 1264 953 1330 οὖ
982 1267 1158 1350 παρὰ
1186 1266 1457 1331 Φωκέων
1488 1266 1663 1330 ἀλλὰ
1697 1267 1875 1352 παρὰ
1917 1267 2224 1347 Θηβαίων

352 1368 477 1430 τῶν
502 1365 997 1445 βουλευσάντων
1023 1368 1138 1447 τὴν
1168 1367 1545 1452 κατάληψιν
1566 1372 1675 1433 τοῦ
1701 1367 1877 1454 ἱεροῦ·
1908 1368 2224 1463 διδάσκειν

349 1467 475 1551 «γὰρ
517 1466 701 1537 αὐτὸς
744 1469 866 1556 ἔφη
905 1469 1015 1534 τὸν
1055 1472 1393 1534 Φίλιππον
1431 1469 1529 1534 ’ὁτι
1569 1469 1743 1536 οὐδὲν
1770 1468 1958 1549 ἦττον
1990 1468 2224 1549 ἠσεβή-

354 1594 544 1633 κασιν
600 1569 663 1634 οἱ
703 1570 1200 1650 βεβουλευκότες
1247 1575 1371 1636 τῶν
1416 1577 1553 1642 ταῖς
1598 1571 1786 1659 χερσὶ
1831 1571 2219 1657 πραξάντων,

355 1670 461 1735 καὶ
489 1670 593 1736 διὰ
619 1676 821 1737 ταῦτα
846 1672 1123 1761 χρήμαθ’
1157 1675 1360 1760 ἑαυτῷ
1400 1673 1538 1743 τοὺς
1578 1674 1902 1752 Θηβαίους
1937 1675 2223 1753 ἐπικεκη-

258 1800 333 1855 24
353 1772 627 1861 ρυχέναι.

738 1772 982 1839 ἀκούειν
1038 1774 1106 1840 δὲ
1161 1774 1270 1840 καὶ
1329 1778 1454 1841 τῶν
1512 1773 1811 1854 Εὐβοέων
1868 1774 2043 1841 ἐνίων
2101 1776 2220 1861 ἔφη
2249 1796 2321 1835 22

447 1909 475 1966 ἕ
510 1909 585 1957 22.
658 1906 946 1969 ἀπήγγελλε
1006 1907 1056 1957 S.
1090 1908 1148 1958 Y.
1184 1908 1280 1958 En.
1315 1907 1495 1957 Turno.
1522 1908 1679 1956 Dmn.
1704 1908 1939 1957 Ἵππη.
1962 1909 2125 1960 Bau.
2157 1912 2220 1958 st.

355 1972 455 2023 Sed
525 1972 691 2022 aorist.
763 1972 945 2033 opinor
992 1972 1184 2021 melior.

1361 1975 1486 2021 δυεῖν
1527 1973 1691 2023 Banu.
1750 1987 2042 2035 quanquam
2097 1977 2221 2023 δυοῖν

356 2037 408 2088 S.
434 2036 490 2086 Y.
512 2036 571 2084 0.
594 2037 696 2086 k..t
720 2051 845 2087 mv,
880 2041 966 2087 am.
995 2036 1053 2085 B.
1133 2037 1466 2099 [δυοῖνΒΕΚΚ.
1496 2038 1586 2097 st.]

351 2137 466 2198 part
486 2136 542 2183 of
562 2150 593 2184 a
614 2134 823 2182 faithful
839 2134 1192 2182 ambassador
1176 2149 1235 2182 1n

352 2200 569 2260 relating
610 2200 677 2247 all
719 2201 914 2260 reports
958 2198 1124 2246 which
1166 2197 1233 2247 he

350 2262 453 2313 had
472 2262 632 2311 heard
663 2263 796 2310 from
826 2262 1012 2312 others.
1084 2265 1237 2312 ταῦτα

353 2332 437 2377 οὐκ
456 2328 754 2389 ἀπαγγεῖλαι
787 2326 896 2375 ἀλλ’
937 2328 1235 2388 ὑποσχέσθαι

352 2394 413 2451 μέ
433 2392 796 2454 φησιν...ταῦτα
829 2394 884 2438 οὐ
914 2393 1233 2452 διηγήσασθώ

352 2474 413 2515 με
455 2457 614 2518 φησίν,
653 2455 764 2502 ἀλλ’
810 2458 1110 2516 ἐπηγγέλθαι
1148 2458 1236 2514 τὴν

355 2521 558 2583 Εὔβοιαν
577 2521 887 2581 παραδώσειν,
915 2521 1013 2581 ἐγὼ
1036 2522 1084 2568 δὲ
1108 2520 1232 2568 ὑπει-

352 2583 521 2645 λήφειν
555 2585 652 2631 δεῖν
684 2586 773 2641 τὴν
810 2585 950 2631 πόλιν
990 2586 1077 2641 τὴν
1118 2584 1235 2645 ὑπὲρ

352 2651 444 2696 τῶν
463 2651 585 2696 ὅλων
621 2649 895 2706 μέλλουσαν
922 2650 1237 2709 βουλεύεσθαι

352 2713 542 2770 μηδενὸς
562 2713 713 2769 λόγου
729 2711 1006 2769 Ἑλληνικοῦ
1041 2711 1237 2770 ἀνήκοον

351 2778 478 2825 εἶναι.
553 2775 647 2824 See
677 2774 875 2824 Thirlxv.
904 2790 952 2822 v.
978 2777 1087 2834 363,
1118 2776 1227 2825 364.

351 2839 457 2887 The
480 2839 749 2888 substance
762 2839 816 2885 of
835 2838 923 2887 the
946 2840 1127 2900 speech
1150 2839 1233 2886 de·

350 2903 537 2952 livered
562 2903 630 2964 by
653 2903 925 2951 Aeschines
947 2906 999 2952 at
1022 2903 1233 2964 Philip’s

350 2970 490 3015 court
522 2967 567 3014 is
600 2967 759 3016 found
797 2966 855 3014 in
891 2982 939 3029 p.
985 2968 1047 3016 43
1090 2967 1223 3017 St.=-

349 3033 560 3080 283-288
581 3032 642 3079 Β.

411 3099 438 3154 5
460 3096 537 3144 23.
561 3096 920 3157 βουλευσάντων
935 3097 1021 3154 τὴν
1036 3095 1104 3158 m]
1137 3095 1230 3143 Ae·

351 3158 551 3206 schines
565 3174 660 3207 can
676 3158 858 3220 hardly
874 3159 1002 3208 have
1017 3158 1233 3218 charged

349 3222 437 3269 the
461 3222 697 3270 Thebans
730 3222 852 3270 with
887 3223 1108 3283 plotting
1144 3222 1233 3270 the

351 3286 544 3334 seizure
578 3286 632 3333 of
671 3285 760 3334 the
794 3285 998 3346 temple,
1037 3285 1233 3345 though

350 3349 472 3411 they
492 3348 596 3398 had
617 3364 686 3398 no
699 3349 856 3397 doubt
874 3349 1234 3410 subsequently

350 3413 472 3461 used
493 3413 582 3460 the
604 3413 779 3461 sacred
811 3416 1058 3462 treasures
1079 3433 1092 3462 ε
1125 3414 1232 3460 nei-

352 3476 530 3533 theris
552 3491 655 3537 any
681 3478 913 3526 mention
950 3478 1004 3525 of
1038 3477 1143 3526 this
1173 3477 1233 3526 in

351 3540 438 3588 the
479 3541 701 3589 abstract
751 3540 918 3589 which
959 3542 1234 3590 Aeschines

352 3603 484 3662 gives
520 3595 575 3652 of
620 3604 705 3653 his
758 3605 952 3665 speech„
1023 3606 1231 3654 Demos·

353 3667 547 3728 thenes,
611 3668 659 3720 it
736 3667 903 3720 would
970 3683 1121 3732 seem,
1189 3669 1234 3719 is

1334 2133 1458 2181 here
1510 2133 1674 2194 guilty
1713 2132 1768 2180 of
1812 2131 2221 2193 misrepresenta·

1335 2198 1872 2258 ἤθη-διδάσκειν]
1918 2197 1983 2244 In
2017 2197 2106 2244 the
2144 2199 2221 2244 di-

1335 2269 1456 2310 rect.
1480 2268 1603 2310 orat.
1624 2260 1899 2309 Aeschines
1911 2260 2076 2308 would
2091 2260 2221 2308 have

1336 2324 1450 2373 said
1499 2327 1704 2374 διδάσκω
1755 2327 1838 2372 τὸν
1891 2326 1946 2374 Φ.
2010 2324 2113 2372 and
2165 2325 2222 2373 in

1333 2389 1425 2437 the
1456 2391 1579 2436 next
1621 2387 1902 2450 paragraph
1945 2390 2100 2437 ἀκούω
2130 2393 2225 2438 τῶν

1338 2453 1571 2517 Ευβοέων.
1617 2453 1684 2502 ΒΟ
1721 2451 2005 2501 ΒΟΗΑΕῈΈΒ.
2041 2451 2223 2502 ἀκούειν

1334 2518 1567 2566 however
1607 2517 1653 2565 is
1692 2517 1794 2565 less
1832 2515 2056 2576 singular
2089 2516 2221 2565 than

1339 2581 1585 2639 διδάσκειν,
1629 2582 1708 2629 for
1749 2581 1793 2628 it
1847 2580 1893 2628 is
1934 2582 2223 2642 constantly

1334 2645 1461 2695 used
1504 2646 1670 2694 where
1712 2659 1787 2693 we
1828 2644 1993 2705 might
2045 2648 2221 2706 expect

1339 2710 1535 2769 ἀκήκοα,
1572 2724 1616 2757 e.
1634 2724 1676 2771 g.
1701 2710 1831 2757 Plat.
1856 2710 2007 2769 Gorg.
2044 2710 2139 2760 470
2173 2710 2219 2757 D

1336 2776 1487 2824 ΠΩΛ.
1558 2777 1824 2836 Ἀρχέλαον
1868 2772 2020 2832 δήπου
2054 2775 2221 2821 τοῦτον

1335 2842 1419 2886 τὸν
1438 2841 1697 2900 Περδίκκου
1719 2839 1822 2899 δρᾷ
1832 2856 1852 2887 ς
1876 2840 2085 2899 ἄρχοντα
2115 2840 2223 2886 Μα-

1338 2904 1569 2962 “Gozolas-3
1605 2904 1793 2951 ΣΩΚΡ.
1821 2905 1863 2950 εἰ
1898 2904 1948 2951 δὲ
1981 2901 2064 2960 μή,
2108 2903 2221 2950 ἀλλ’

1334 2968 1439 3015 ἀκο
1453 2971 1478 3014 ύ
1493 2985 1529 3015 ω
1548 2966 1837 3027 γε-(Ηαυε
1859 2981 1959 3028 you
1980 2980 2092 3013 ever
2110 2981 2224 3014 seen

1339 3064 1352 3078 .
1379 3065 1390 3077 .
1417 3068 1428 3079 .
1454 3067 1466 3080 .
1490 3032 1585 3088 No,
1630 3033 1719 3079 but
1755 3032 1790 3077 Ι
1824 3031 1947 3078 have
1986 3031 2139 3077 heard
2169 3032 2227 3091 of

1336 3095 1474 3156 him).
1510 3094 1682 3155 Comp.
1705 3095 1798 3141 503
1822 3093 1860 3141 C
1894 3095 2221 3152 θεμιστοκλέα

1336 3161 1421 3207 οὑκ
1464 3161 1697 3207 ἀκούεις
1744 3156 1883 3220 (with
1926 3156 2220 3205 Heindorf’s

1335 3221 1489 3285 note).
1562 3222 1736 3282 Comp.
1766 3222 1942 3269 audire
1965 3220 2023 3268 in
2044 3221 2214 3270 Latin.

1333 3286 1445 3337 Liv.
1473 3300 1572 3333 xxx.
1615 3287 1695 3343 20,
1762 3283 1921 3333 Tacit.
1965 3285 2100 3332 Ann.
2137 3299 2219 3333 111.

1336 3349 1413 3400 16.
1483 3348 1686 3412 [Madv.-
1705 3347 1772 3398 ad
1800 3348 1955 3398 Cicer.
2001 3348 2064 3397 de
2098 3348 2212 3399 Fin.

1333 3427 1403 3461 1v.
1428 3415 1505 3473 22,
1529 3411 1631 3475 61.]

1398 3481 1424 3537 ἕ
1449 3479 1523 3526 24.
1563 3480 1658 3524 τῶν
1674 3477 1892 3536 Εὐβοέων
1909 3476 2054 3537 ἐνίων]
2079 3475 2220 3524 Cleo-

1334 3541 1511 3590 chares
1533 3540 1586 3587 of
1608 3539 1822 3590 Chalcis,
1868 3538 1962 3589 See
1984 3540 2218 3590 Aeschin.

1333 3608 1360 3666 g
1406 3605 1499 3652 120
1530 3617 1581 3665 p.
1618 3604 1683 3652 44
1750 3602 1988 3653 St.=29o
2030 3605 2088 3652 Β.

1335 3670 1677 3732 πεφοβημένων
1711 3670 1788 3720 καὶ
1817 3670 2221 3731 τεταραγμένων.]
