<?xml version="1.0" encoding="UTF-8"?>
<!DOCTYPE html PUBLIC "-//W3C//DTD XHTML 1.0 Transitional//EN"
    "http://www.w3.org/TR/xhtml1/DTD/xhtml1-transitional.dtd">
<html xmlns="http://www.w3.org/1999/xhtml" xml:lang="en" lang="en">
 <head>
  <title>
</title>
<meta http-equiv="Content-Type" content="text/html;charset=utf-8" />
  <meta name='ocr-system' content='tesseract 3.04.00' />
  <meta name='ocr-capabilities' content='ocr_page ocr_carea ocr_par ocr_line ocrx_word'/>
</head>
<body>
  <div class='ocr_page' id='page_1' title='image "./demosthenisdefa02shilgoog_0228.png"; bbox 0 0 2667 4142; ppageno 0'>
   <div class='ocr_carea' id='block_1_1' title="bbox 412 193 538 255">
    <p class='ocr_par' dir='ltr' id='par_1_1' title="bbox 412 193 538 255">
     <span class='ocr_line' id='line_1_1' title="bbox 412 193 538 255; baseline -0.016 0"><span class='ocrx_word' id='word_1_1' title='bbox 412 193 538 255; x_wconf 75' lang='lat'>204</span> 
     </span>
    </p>
   </div>
   <div class='ocr_carea' id='block_1_2' title="bbox 1026 186 1661 254">
    <p class='ocr_par' dir='ltr' id='par_1_2' title="bbox 1026 186 1661 254">
     <span class='ocr_line' id='line_1_2' title="bbox 1026 186 1661 254; baseline -0.005 -1"><span class='ocrx_word' id='word_1_2' title='bbox 1026 186 1661 254; x_wconf 82' lang='lat' dir='ltr'>DEMOSTHENIS</span> 
     </span>
    </p>
   </div>
   <div class='ocr_carea' id='block_1_3' title="bbox 409 338 2291 833">
    <p class='ocr_par' dir='ltr' id='par_1_3' title="bbox 409 338 2291 833">
     <span class='ocr_line' id='line_1_3' title="bbox 409 338 2290 430; baseline -0.003 -21"><span class='ocrx_word' id='word_1_3' title='bbox 409 343 523 423; x_wconf 92' lang='grc' dir='ltr'>τὴν</span> <span class='ocrx_word' id='word_1_4' title='bbox 561 346 747 430; x_wconf 81' lang='grc' dir='ltr'>χεῖρα</span> <span class='ocrx_word' id='word_1_5' title='bbox 790 340 1020 430; x_wconf 82' lang='grc' dir='ltr'>ἔχοντα</span> <span class='ocrx_word' id='word_1_6' title='bbox 1061 338 1601 421; x_wconf 79' lang='grc' dir='ltr'>ἀναβεβλημένον,</span> <span class='ocrx_word' id='word_1_7' title='bbox 1636 338 2047 420; x_wconf 82' lang='grc' dir='ltr'>ἐπιπλήττων</span> <span class='ocrx_word' id='word_1_8' title='bbox 2075 365 2139 404; x_wconf 91' lang='grc' dir='ltr'>τι</span> <span class='ocrx_word' id='word_1_9' title='bbox 2179 342 2290 404; x_wconf 82' lang='grc' dir='ltr'>καὶ</span> 
     </span>
     <span class='ocr_line' id='line_1_4' title="bbox 410 440 2291 529; baseline 0 -22"><span class='ocrx_word' id='word_1_10' title='bbox 410 442 882 528; x_wconf 86' lang='grc' dir='ltr'>λοιδορούμενος</span> <span class='ocrx_word' id='word_1_11' title='bbox 913 445 990 525; x_wconf 83' lang='grc' dir='ltr'>τῇ</span> <span class='ocrx_word' id='word_1_12' title='bbox 1022 445 1133 507; x_wconf 88' lang='grc' dir='ltr'>τοῦ</span> <span class='ocrx_word' id='word_1_13' title='bbox 1162 440 1495 529; x_wconf 85' lang='grc' dir='ltr'>Τιμάρχου</span> <span class='ocrx_word' id='word_1_14' title='bbox 1523 443 1884 528; x_wconf 72' lang='grc' dir='ltr'>προπετείᾳ.</span> <span class='ocrx_word' id='word_1_15' title='bbox 1946 442 2152 506; x_wconf 88' lang='grc' dir='ltr'>καίτοι</span> <span class='ocrx_word' id='word_1_16' title='bbox 2180 442 2291 507; x_wconf 85' lang='grc' dir='ltr'>τὸν</span> 
     </span>
     <span class='ocr_line' id='line_1_5' title="bbox 413 542 2291 630; baseline 0.001 -22"><span class='ocrx_word' id='word_1_17' title='bbox 413 546 528 617; x_wconf 84' lang='grc' dir='ltr'>μὲν</span> <span class='ocrx_word' id='word_1_18' title='bbox 584 544 926 630; x_wconf 79' lang='grc' dir='ltr'>ἀνδριάντα</span> <span class='ocrx_word' id='word_1_19' title='bbox 982 547 1204 608; x_wconf 88' lang='grc' dir='ltr'>τοῦτον</span> <span class='ocrx_word' id='word_1_20' title='bbox 1253 543 1428 607; x_wconf 70' lang='grc' dir='ltr'>οὔπω</span> <span class='ocrx_word' id='word_1_21' title='bbox 1473 542 1865 624; x_wconf 89' lang='grc' dir='ltr'>πεντήκοντα</span> <span class='ocrx_word' id='word_1_22' title='bbox 1921 542 2028 624; x_wconf 83' lang='grc' dir='ltr'>ἔτη</span> <span class='ocrx_word' id='word_1_23' title='bbox 2087 544 2291 628; x_wconf 88' lang='grc' dir='ltr'>φασὶν</span> 
     </span>
     <span class='ocr_line' id='line_1_6' title="bbox 413 643 2291 725; baseline 0 -16"><span class='ocrx_word' id='word_1_24' title='bbox 413 643 784 710; x_wconf 86' lang='grc' dir='ltr'>ἀνακεῖσθαι</span> <span class='ocrx_word' id='word_1_25' title='bbox 817 643 1209 725; x_wconf 82' lang='grc' dir='ltr'>Σαλαμίνιοι,</span> <span class='ocrx_word' id='word_1_26' title='bbox 1241 643 1370 708; x_wconf 82' lang='grc' dir='ltr'>ἀπὸ</span> <span class='ocrx_word' id='word_1_27' title='bbox 1399 644 1685 715; x_wconf 83' lang='grc' dir='ltr'>Σόλωνος</span> <span class='ocrx_word' id='word_1_28' title='bbox 1715 644 1782 709; x_wconf 87' lang='grc' dir='ltr'>δὲ</span> <span class='ocrx_word' id='word_1_29' title='bbox 1812 644 1966 725; x_wconf 84' lang='grc' dir='ltr'>ὁμοῦ</span> <span class='ocrx_word' id='word_1_30' title='bbox 1995 644 2291 710; x_wconf 77' lang='grc' dir='ltr'>διακόσια</span> 
     </span>
     <span class='ocr_line' id='line_1_7' title="bbox 416 743 2291 833; baseline 0.002 -23"><span class='ocrx_word' id='word_1_31' title='bbox 416 747 597 812; x_wconf 87' lang='grc' dir='ltr'>ἐστιν.</span> <span class='ocrx_word' id='word_1_32' title='bbox 651 747 759 828; x_wconf 83' lang='grc' dir='ltr'>ἔτη</span> <span class='ocrx_word' id='word_1_33' title='bbox 816 746 926 810; x_wconf 88' lang='grc' dir='ltr'>καὶ</span> <span class='ocrx_word' id='word_1_34' title='bbox 982 743 1448 829; x_wconf 85' lang='grc' dir='ltr'>τετταράκοντα</span> <span class='ocrx_word' id='word_1_35' title='bbox 1504 744 1591 815; x_wconf 82' lang='grc' dir='ltr'>εἷς</span> <span class='ocrx_word' id='word_1_36' title='bbox 1647 744 1755 810; x_wconf 82' lang='grc' dir='ltr'>τὸν</span> <span class='ocrx_word' id='word_1_37' title='bbox 1812 745 1946 812; x_wconf 88' lang='grc' dir='ltr'>νυνὶ</span> <span class='ocrx_word' id='word_1_38' title='bbox 1999 747 2291 833; x_wconf 85' lang='grc' dir='ltr'>παρόντα</span> 
     </span>
    </p>
   </div>
   <div class='ocr_carea' id='block_1_4' title="bbox 414 844 2311 937">
    <p class='ocr_par' dir='ltr' id='par_1_4' title="bbox 414 844 2311 937">
     <span class='ocr_line' id='line_1_8' title="bbox 414 844 2311 937; baseline -0.002 -23"><span class='ocrx_word' id='word_1_39' title='bbox 414 849 661 935; x_wconf 83' lang='grc' dir='ltr'>χρόνον,</span> <span class='ocrx_word' id='word_1_40' title='bbox 695 846 845 912; x_wconf 78' lang='grc' dir='ltr'>ὥσθ’</span> <span class='ocrx_word' id='word_1_41' title='bbox 877 845 910 911; x_wconf 96' lang='lat'><em>5</em></span> <span class='ocrx_word' id='word_1_42' title='bbox 948 844 1319 930; x_wconf 79' lang='grc' dir='ltr'>δημιουργὸς</span> <span class='ocrx_word' id='word_1_43' title='bbox 1362 844 1395 910; x_wconf 93' lang='lat'><em>5</em></span> <span class='ocrx_word' id='word_1_44' title='bbox 1429 850 1614 911; x_wconf 85' lang='grc' dir='ltr'>τοῦτο</span> <span class='ocrx_word' id='word_1_45' title='bbox 1657 844 1917 916; x_wconf 81' lang='grc' dir='ltr'>πλάσας</span> <span class='ocrx_word' id='word_1_46' title='bbox 1955 846 2032 911; x_wconf 85' lang='grc' dir='ltr'>τὸ</span> <span class='ocrx_word' id='word_1_47' title='bbox 2062 849 2311 937; x_wconf 85' lang='grc' dir='ltr'>σχῆμα</span> 
     </span>
    </p>
   </div>
   <div class='ocr_carea' id='block_1_5' title="bbox 415 945 2289 1032">
    <p class='ocr_par' dir='ltr' id='par_1_5' title="bbox 415 945 2289 1032">
     <span class='ocr_line' id='line_1_9' title="bbox 415 945 2289 1032; baseline -0.001 -18"><span class='ocrx_word' id='word_1_48' title='bbox 415 950 488 1015; x_wconf 82' lang='grc' dir='ltr'>οὐ</span> <span class='ocrx_word' id='word_1_49' title='bbox 515 948 705 1032; x_wconf 83' lang='grc' dir='ltr'>μόνον</span> <span class='ocrx_word' id='word_1_50' title='bbox 734 948 844 1013; x_wconf 75' lang='grc' dir='ltr'>οὐκ</span> <span class='ocrx_word' id='word_1_51' title='bbox 873 946 1054 1016; x_wconf 77' lang='grc' dir='ltr'>αὐτὸς</span> <span class='ocrx_word' id='word_1_52' title='bbox 1083 945 1161 1027; x_wconf 83' lang='grc' dir='ltr'>ἧν</span> <span class='ocrx_word' id='word_1_53' title='bbox 1189 945 1325 1011; x_wconf 85' lang='grc' dir='ltr'>κατ’</span> <span class='ocrx_word' id='word_1_54' title='bbox 1350 948 1597 1022; x_wconf 83' lang='grc' dir='ltr'>ἐκεῖνον,</span> <span class='ocrx_word' id='word_1_55' title='bbox 1631 945 1779 1011; x_wconf 89' lang='grc' dir='ltr'>ἀλλ’</span> <span class='ocrx_word' id='word_1_56' title='bbox 1801 945 1925 1012; x_wconf 78' lang='grc' dir='ltr'>οὐδ’</span> <span class='ocrx_word' id='word_1_57' title='bbox 1957 947 1991 1012; x_wconf 89' lang='lat'><em>5</em></span> <span class='ocrx_word' id='word_1_58' title='bbox 2018 948 2289 1019; x_wconf 79' lang='grc' dir='ltr'>πάππος</span> 
     </span>
    </p>
   </div>
   <div class='ocr_carea' id='block_1_6' title="bbox 346 1149 2296 1849">
    <p class='ocr_par' dir='ltr' id='par_1_6' title="bbox 346 1149 2296 1849">
     <span class='ocr_line' id='line_1_10' title="bbox 346 1149 2289 1238; baseline -0.002 -18"><span class='ocrx_word' id='word_1_59' title='bbox 346 1231 357 1238; x_wconf 82' lang='lat'><strong>.</strong></span> <span class='ocrx_word' id='word_1_60' title='bbox 413 1174 599 1220; x_wconf 89' lang='grc' dir='ltr'>σατο·</span> <span class='ocrx_word' id='word_1_61' title='bbox 645 1151 676 1217; x_wconf 78' lang='grc' dir='ltr'>ὃ</span> <span class='ocrx_word' id='word_1_62' title='bbox 707 1152 776 1218; x_wconf 87' lang='grc' dir='ltr'>δὲ</span> <span class='ocrx_word' id='word_1_63' title='bbox 815 1155 928 1218; x_wconf 86' lang='grc' dir='ltr'>τοῦ</span> <span class='ocrx_word' id='word_1_64' title='bbox 967 1149 1298 1237; x_wconf 86' lang='grc' dir='ltr'>σχήματος</span> <span class='ocrx_word' id='word_1_65' title='bbox 1335 1150 1416 1231; x_wconf 83' lang='grc' dir='ltr'>ἦν</span> <span class='ocrx_word' id='word_1_66' title='bbox 1446 1149 1673 1217; x_wconf 81' lang='grc' dir='ltr'>τούτου</span> <span class='ocrx_word' id='word_1_67' title='bbox 1711 1155 1942 1238; x_wconf 77' lang='grc' dir='ltr'>πολλῷ</span> <span class='ocrx_word' id='word_1_68' title='bbox 1980 1156 2060 1235; x_wconf 85' lang='grc' dir='ltr'>τῇ</span> <span class='ocrx_word' id='word_1_69' title='bbox 2098 1151 2289 1217; x_wconf 83' lang='grc' dir='ltr'>πόλει</span> 
     </span>
     <span class='ocr_line' id='line_1_11' title="bbox 413 1249 2293 1342; baseline -0.003 -19"><span class='ocrx_word' id='word_1_70' title='bbox 413 1255 956 1342; x_wconf 84' lang='grc' dir='ltr'>λυσιτελέστερον,</span> <span class='ocrx_word' id='word_1_71' title='bbox 988 1255 1062 1319; x_wconf 86' lang='grc' dir='ltr'>τὸ</span> <span class='ocrx_word' id='word_1_72' title='bbox 1093 1252 1210 1334; x_wconf 87' lang='grc' dir='ltr'>τὴν</span> <span class='ocrx_word' id='word_1_73' title='bbox 1245 1252 1479 1340; x_wconf 75' lang='grc' dir='ltr'>ψυχὴν</span> <span class='ocrx_word' id='word_1_74' title='bbox 1515 1252 1629 1335; x_wconf 85' lang='grc' dir='ltr'>τὴν</span> <span class='ocrx_word' id='word_1_75' title='bbox 1667 1249 1957 1325; x_wconf 87' lang='grc' dir='ltr'>Σόλωνος</span> <span class='ocrx_word' id='word_1_76' title='bbox 1997 1254 2146 1320; x_wconf 86' lang='grc' dir='ltr'>ἰδεῖν</span> <span class='ocrx_word' id='word_1_77' title='bbox 2181 1255 2293 1320; x_wconf 85' lang='grc' dir='ltr'>καὶ</span> 
     </span>
     <span class='ocr_line' id='line_1_12' title="bbox 414 1354 2294 1438; baseline 0.001 -17"><span class='ocrx_word' id='word_1_78' title='bbox 414 1359 527 1438; x_wconf 80' lang='grc' dir='ltr'>τὴν</span> <span class='ocrx_word' id='word_1_79' title='bbox 545 1358 840 1432; x_wconf 87' lang='grc' dir='ltr'>διάνοιαν,</span> <span class='ocrx_word' id='word_1_80' title='bbox 872 1355 1105 1434; x_wconf 82' lang='grc' dir='ltr'>ταύτην</span> <span class='ocrx_word' id='word_1_81' title='bbox 1134 1354 1246 1420; x_wconf 79' lang='grc' dir='ltr'>οὐκ</span> <span class='ocrx_word' id='word_1_82' title='bbox 1275 1354 1646 1436; x_wconf 83' lang='grc' dir='ltr'>ἐμιμήσατο,</span> <span class='ocrx_word' id='word_1_83' title='bbox 1676 1354 1852 1420; x_wconf 80' lang='grc' dir='ltr'>ἀλλὰ</span> <span class='ocrx_word' id='word_1_84' title='bbox 1879 1359 2011 1422; x_wconf 77' lang='grc' dir='ltr'>πᾶν</span> <span class='ocrx_word' id='word_1_85' title='bbox 2038 1355 2294 1422; x_wconf 79' lang='grc' dir='ltr'>τούναν-</span> 
     </span>
     <span class='ocr_line' id='line_1_13' title="bbox 414 1450 2295 1543; baseline -0.001 -18"><span class='ocrx_word' id='word_1_86' title='bbox 414 1461 561 1526; x_wconf 84' lang='grc' dir='ltr'>τίον.</span> <span class='ocrx_word' id='word_1_87' title='bbox 608 1460 837 1528; x_wconf 85' lang='grc' dir='ltr'>ἐκεῖνος</span> <span class='ocrx_word' id='word_1_88' title='bbox 863 1457 978 1541; x_wconf 88' lang='grc' dir='ltr'>μέν</span> <span class='ocrx_word' id='word_1_89' title='bbox 1005 1483 1080 1539; x_wconf 63' lang='grc' dir='ltr'>«γε</span> <span class='ocrx_word' id='word_1_90' title='bbox 1110 1455 1539 1543; x_wconf 82' lang='grc' dir='ltr'>ἀφεστηκυίας</span> <span class='ocrx_word' id='word_1_91' title='bbox 1560 1450 1919 1539; x_wconf 84' lang='grc' dir='ltr'>Σαλαμῖνος</span> <span class='ocrx_word' id='word_1_92' title='bbox 1935 1456 2295 1537; x_wconf 89' lang='grc' dir='ltr'>Ἀθηναίων</span> 
     </span>
     <span class='ocr_line' id='line_1_14' title="bbox 415 1555 2296 1644; baseline -0.001 -18"><span class='ocrx_word' id='word_1_93' title='bbox 415 1562 523 1627; x_wconf 85' lang='grc' dir='ltr'>καὶ</span> <span class='ocrx_word' id='word_1_94' title='bbox 560 1560 831 1627; x_wconf 89' lang='grc' dir='ltr'>θάνατον</span> <span class='ocrx_word' id='word_1_95' title='bbox 869 1558 1088 1640; x_wconf 86' lang='grc' dir='ltr'>ζημίαν</span> <span class='ocrx_word' id='word_1_96' title='bbox 1128 1555 1621 1644; x_wconf 72' lang='grc' dir='ltr'>ψηφισαμένων,</span> <span class='ocrx_word' id='word_1_97' title='bbox 1668 1556 1745 1621; x_wconf 80' lang='grc' dir='ltr'>ἄν</span> <span class='ocrx_word' id='word_1_98' title='bbox 1787 1584 1883 1628; x_wconf 89' lang='grc' dir='ltr'>τις</span> <span class='ocrx_word' id='word_1_99' title='bbox 1926 1559 2073 1641; x_wconf 80' lang='grc' dir='ltr'>εἴπῃ</span> <span class='ocrx_word' id='word_1_100' title='bbox 2116 1558 2296 1641; x_wconf 80' lang='grc' dir='ltr'>κομί·</span> 
     </span>
     <span class='ocr_line' id='line_1_15' title="bbox 417 1655 2294 1742; baseline -0.002 -14"><span class='ocrx_word' id='word_1_101' title='bbox 417 1664 646 1742; x_wconf 88' lang='grc' dir='ltr'>ζεσθαι,</span> <span class='ocrx_word' id='word_1_102' title='bbox 702 1658 810 1726; x_wconf 83' lang='grc' dir='ltr'>τὸν</span> <span class='ocrx_word' id='word_1_103' title='bbox 867 1660 1022 1724; x_wconf 87' lang='grc' dir='ltr'>ἴδιον</span> <span class='ocrx_word' id='word_1_104' title='bbox 1072 1657 1354 1725; x_wconf 78' lang='grc' dir='ltr'>κίνδυνον</span> <span class='ocrx_word' id='word_1_105' title='bbox 1404 1655 1657 1728; x_wconf 82' lang='grc' dir='ltr'>ὑποθεὶς</span> <span class='ocrx_word' id='word_1_106' title='bbox 1716 1659 1961 1742; x_wconf 68' lang='grc' dir='ltr'>ε’λενγεῖα</span> <span class='ocrx_word' id='word_1_107' title='bbox 2017 1660 2294 1740; x_wconf 86' lang='grc' dir='ltr'>ποιήσας</span> 
     </span>
     <span class='ocr_line' id='line_1_16' title="bbox 413 1758 2294 1849; baseline -0.002 -20"><span class='ocrx_word' id='word_1_108' title='bbox 413 1763 536 1848; x_wconf 79' lang='grc' dir='ltr'>ᾖδε,</span> <span class='ocrx_word' id='word_1_109' title='bbox 569 1763 677 1828; x_wconf 83' lang='grc' dir='ltr'>καὶ</span> <span class='ocrx_word' id='word_1_110' title='bbox 705 1762 817 1842; x_wconf 84' lang='grc' dir='ltr'>τὴν</span> <span class='ocrx_word' id='word_1_111' title='bbox 843 1761 961 1843; x_wconf 89' lang='grc' dir='ltr'>μὲν</span> <span class='ocrx_word' id='word_1_112' title='bbox 990 1759 1208 1849; x_wconf 83' lang='grc' dir='ltr'>χώραν</span> <span class='ocrx_word' id='word_1_113' title='bbox 1242 1758 1449 1825; x_wconf 83' lang='grc' dir='ltr'>ἔσωσε</span> <span class='ocrx_word' id='word_1_114' title='bbox 1478 1763 1555 1844; x_wconf 83' lang='grc' dir='ltr'>τῇ</span> <span class='ocrx_word' id='word_1_115' title='bbox 1585 1760 1788 1840; x_wconf 87' lang='grc' dir='ltr'>πόλει,</span> <span class='ocrx_word' id='word_1_116' title='bbox 1821 1760 1935 1841; x_wconf 81' lang='grc' dir='ltr'>τὴν</span> <span class='ocrx_word' id='word_1_117' title='bbox 1964 1761 2019 1825; x_wconf 88' lang='grc' dir='ltr'>δ’</span> <span class='ocrx_word' id='word_1_118' title='bbox 2041 1760 2294 1848; x_wconf 81' lang='grc' dir='ltr'>ὑπάρχ-</span> 
     </span>
    </p>
   </div>
   <div class='ocr_carea' id='block_1_7' title="bbox 277 1862 2296 1955">
    <p class='ocr_par' dir='ltr' id='par_1_7' title="bbox 277 1862 2296 1955">
     <span class='ocr_line' id='line_1_17' title="bbox 277 1862 2296 1955; baseline -0.003 -19"><span class='ocrx_word' id='word_1_119' title='bbox 277 1877 386 1936; x_wconf 86' lang='lat'>253</span> <span class='ocrx_word' id='word_1_120' title='bbox 417 1894 616 1934; x_wconf 91' lang='grc' dir='ltr'>ουσαν</span> <span class='ocrx_word' id='word_1_121' title='bbox 644 1866 956 1955; x_wconf 84' lang='grc' dir='ltr'>αἰσχύνην</span> <span class='ocrx_word' id='word_1_122' title='bbox 985 1864 1375 1946; x_wconf 81' lang='grc' dir='ltr'>ἀπήλλαξεν·</span> <span class='ocrx_word' id='word_1_123' title='bbox 1417 1863 1594 1934; x_wconf 84' lang='grc' dir='ltr'>οὗτος</span> <span class='ocrx_word' id='word_1_124' title='bbox 1632 1863 1703 1944; x_wconf 88' lang='grc' dir='ltr'>δ’,</span> <span class='ocrx_word' id='word_1_125' title='bbox 1735 1862 1812 1944; x_wconf 84' lang='grc' dir='ltr'>ἣν</span> <span class='ocrx_word' id='word_1_126' title='bbox 1845 1863 2156 1942; x_wconf 82' lang='grc' dir='ltr'>βασιλεὺς</span> <span class='ocrx_word' id='word_1_127' title='bbox 2184 1865 2296 1930; x_wconf 89' lang='grc' dir='ltr'>καὶ</span> 
     </span>
    </p>
   </div>
   <div class='ocr_carea' id='block_1_8' title="bbox 417 1966 2298 2158">
    <p class='ocr_par' dir='ltr' id='par_1_8' title="bbox 417 1966 2298 2158">
     <span class='ocr_line' id='line_1_18' title="bbox 417 1966 2294 2054; baseline -0.001 -19"><span class='ocrx_word' id='word_1_128' title='bbox 417 1969 646 2041; x_wconf 89' lang='grc' dir='ltr'>πάντες</span> <span class='ocrx_word' id='word_1_129' title='bbox 696 1968 759 2035; x_wconf 90' lang='grc' dir='ltr'>οἱ</span> <span class='ocrx_word' id='word_1_130' title='bbox 795 1968 1117 2049; x_wconf 80' lang='grc' dir='ltr'>”Ελληνες</span> <span class='ocrx_word' id='word_1_131' title='bbox 1163 1966 1466 2052; x_wconf 82' lang='grc' dir='ltr'>ὑμετέραν</span> <span class='ocrx_word' id='word_1_132' title='bbox 1524 1967 1823 2049; x_wconf 64' lang='grc' dir='ltr'>ἔγνωσαν,</span> <span class='ocrx_word' id='word_1_133' title='bbox 1868 1967 2294 2054; x_wconf 87' lang='grc' dir='ltr'>Ἀμφίπολιν,</span> 
     </span>
     <span class='ocr_line' id='line_1_19' title="bbox 417 2066 2298 2158; baseline -0.001 -22"><span class='ocrx_word' id='word_1_134' title='bbox 417 2070 651 2152; x_wconf 86' lang='grc' dir='ltr'>ταύτην</span> <span class='ocrx_word' id='word_1_135' title='bbox 685 2066 948 2153; x_wconf 82' lang='grc' dir='ltr'>ἐξέδωκε</span> <span class='ocrx_word' id='word_1_136' title='bbox 981 2069 1088 2134; x_wconf 84' lang='grc' dir='ltr'>καὶ</span> <span class='ocrx_word' id='word_1_137' title='bbox 1129 2067 1400 2134; x_wconf 90' lang='grc' dir='ltr'>ἀπέδοτο</span> <span class='ocrx_word' id='word_1_138' title='bbox 1440 2068 1547 2133; x_wconf 89' lang='grc' dir='ltr'>καὶ</span> <span class='ocrx_word' id='word_1_139' title='bbox 1586 2072 1677 2156; x_wconf 79' lang='grc' dir='ltr'>τῷ</span> <span class='ocrx_word' id='word_1_140' title='bbox 1706 2074 1908 2135; x_wconf 86' lang='grc' dir='ltr'>ταῦτα</span> <span class='ocrx_word' id='word_1_141' title='bbox 1941 2071 2253 2158; x_wconf 69' lang='grc' dir='ltr'>γράφοντι</span> <span class='ocrx_word' id='word_1_142' title='bbox 2281 2066 2298 2149; x_wconf 74' lang='grc' dir='ltr'>Ι</span> 
     </span>
    </p>
   </div>
   <div class='ocr_carea' id='block_1_9' title="bbox 418 2219 2298 2344">
    <p class='ocr_par' dir='ltr' id='par_1_9' title="bbox 418 2219 2298 2344">
     <span class='ocr_line' id='line_1_20' title="bbox 418 2219 2296 2280; baseline 0.001 -8"><span class='ocrx_word' id='word_1_143' title='bbox 418 2239 521 2272; x_wconf 88' lang='lat' dir='ltr'>om.</span> <span class='ocrx_word' id='word_1_144' title='bbox 546 2223 641 2273; x_wconf 80' lang='lat' dir='ltr'>En.</span> <span class='ocrx_word' id='word_1_145' title='bbox 671 2221 851 2270; x_wconf 71' lang='lat' dir='ltr'><strong>Tuam.</strong></span> <span class='ocrx_word' id='word_1_146' title='bbox 883 2219 1044 2269; x_wconf 79' lang='lat' dir='ltr'>Dmn.</span> <span class='ocrx_word' id='word_1_147' title='bbox 1080 2219 1249 2269; x_wconf 75' lang='lat' dir='ltr'>Vonu.</span> <span class='ocrx_word' id='word_1_148' title='bbox 1285 2219 1453 2267; x_wconf 76' lang='lat' dir='ltr'>ant.</span> <span class='ocrx_word' id='word_1_149' title='bbox 1486 2221 1995 2280; x_wconf 65' lang='grc' dir='ltr'>Βῡ.-ἐπιπλήττων</span> <span class='ocrx_word' id='word_1_150' title='bbox 2018 2240 2075 2270; x_wconf 84' lang='grc' dir='ltr'>τε</span> <span class='ocrx_word' id='word_1_151' title='bbox 2097 2223 2156 2272; x_wconf 92' lang='grc' dir='ltr'><strong>Ο.</strong></span> <span class='ocrx_word' id='word_1_152' title='bbox 2180 2224 2221 2273; x_wconf 80' lang='lat' dir='ltr'>t.</span> <span class='ocrx_word' id='word_1_153' title='bbox 2242 2238 2296 2273; x_wconf 85' lang='lat' dir='ltr'>u.</span> 
     </span>
     <span class='ocr_line' id='line_1_21' title="bbox 420 2283 2298 2344; baseline -0.001 -7"><span class='ocrx_word' id='word_1_154' title='bbox 420 2287 520 2337; x_wconf 85' lang='lat' dir='ltr'>Sed</span> <span class='ocrx_word' id='word_1_155' title='bbox 554 2305 610 2335; x_wconf 81' lang='grc' dir='ltr'>τε</span> <span class='ocrx_word' id='word_1_156' title='bbox 642 2286 727 2334; x_wconf 87' lang='lat' dir='ltr'>hic</span> <span class='ocrx_word' id='word_1_157' title='bbox 768 2285 938 2332; x_wconf 87' lang='lat' dir='ltr'>locum</span> <span class='ocrx_word' id='word_1_158' title='bbox 975 2283 1164 2332; x_wconf 81' lang='lat' dir='ltr'>habere</span> <span class='ocrx_word' id='word_1_159' title='bbox 1201 2298 1307 2331; x_wconf 92' lang='lat' dir='ltr'>non</span> <span class='ocrx_word' id='word_1_160' title='bbox 1351 2286 1476 2344; x_wconf 89' lang='lat' dir='ltr'>puto</span> <span class='ocrx_word' id='word_1_161' title='bbox 1519 2298 1639 2331; x_wconf 90' lang='lat' dir='ltr'>cum</span> <span class='ocrx_word' id='word_1_162' title='bbox 1676 2288 1987 2344; x_wconf 80' lang='grc' dir='ltr'>ἐπιπλήττων</span> <span class='ocrx_word' id='word_1_163' title='bbox 2017 2287 2122 2335; x_wconf 77' lang='lat' dir='ltr'>fere</span> <span class='ocrx_word' id='word_1_164' title='bbox 2155 2286 2298 2337; x_wconf 86' lang='lat' dir='ltr'>idem</span> 
     </span>
    </p>
   </div>
   <div class='ocr_carea' id='block_1_10' title="bbox 1152 2377 1281 2385">
    <p class='ocr_par' dir='ltr' id='par_1_10' title="bbox 1152 2377 1281 2385">
     <span class='ocr_line' id='line_1_22' title="bbox 1152 2377 1281 2385; baseline 0 0"><span class='ocrx_word' id='word_1_165' title='bbox 1152 2377 1281 2385; x_wconf 95' lang='lat' dir='ltr'> </span> 
     </span>
    </p>
   </div>
   <div class='ocr_carea' id='block_1_11' title="bbox 421 2348 1149 2413">
    <p class='ocr_par' dir='ltr' id='par_1_11' title="bbox 421 2348 1149 2413">
     <span class='ocr_line' id='line_1_23' title="bbox 421 2348 1149 2413; baseline -0.008 -13"><span class='ocrx_word' id='word_1_166' title='bbox 421 2351 672 2413; x_wconf 83' lang='lat' dir='ltr'>significet</span> <span class='ocrx_word' id='word_1_167' title='bbox 695 2360 754 2398; x_wconf 74' lang='lat' dir='ltr'>ao</span> <span class='ocrx_word' id='word_1_168' title='bbox 783 2348 1149 2410; x_wconf 79' lang='grc' dir='ltr'>λοιδορούμενος.</span> 
     </span>
    </p>
   </div>
   <div class='ocr_carea' id='block_1_12' title="bbox 1281 2348 2298 2412">
    <p class='ocr_par' dir='ltr' id='par_1_12' title="bbox 1281 2348 2298 2412">
     <span class='ocr_line' id='line_1_24' title="bbox 1281 2348 2298 2412; baseline 0.007 -17"><span class='ocrx_word' id='word_1_169' title='bbox 1281 2348 1404 2395; x_wconf 83' lang='lat' dir='ltr'>Post</span> <span class='ocrx_word' id='word_1_170' title='bbox 1428 2350 1611 2406; x_wconf 80' lang='grc' dir='ltr'>ἐκεῖνον,</span> <span class='ocrx_word' id='word_1_171' title='bbox 1650 2348 1766 2400; x_wconf 80' lang='lat' dir='ltr'><strong>add.</strong></span> <span class='ocrx_word' id='word_1_172' title='bbox 1797 2352 1881 2398; x_wconf 84' lang='grc' dir='ltr'>τὸν</span> <span class='ocrx_word' id='word_1_173' title='bbox 1914 2351 2082 2412; x_wconf 84' lang='grc' dir='ltr'>χρόνον</span> <span class='ocrx_word' id='word_1_174' title='bbox 2112 2365 2298 2402; x_wconf 72' lang='lat' dir='ltr'>omnes</span> 
     </span>
    </p>
   </div>
   <div class='ocr_carea' id='block_1_13' title="bbox 414 2411 1744 2479">
    <p class='ocr_par' dir='ltr' id='par_1_13' title="bbox 414 2411 1744 2479">
     <span class='ocr_line' id='line_1_25' title="bbox 414 2411 1744 2479; baseline -0.003 -15"><span class='ocrx_word' id='word_1_175' title='bbox 414 2418 622 2479; x_wconf 79' lang='lat' dir='ltr'>praeter</span> <span class='ocrx_word' id='word_1_176' title='bbox 648 2414 726 2464; x_wconf 84' lang='lat' dir='ltr'>S.:</span> <span class='ocrx_word' id='word_1_177' title='bbox 761 2427 890 2473; x_wconf 79' lang='lat' dir='ltr'>quae</span> <span class='ocrx_word' id='word_1_178' title='bbox 912 2415 1091 2459; x_wconf 80' lang='lat' dir='ltr'>tamen</span> <span class='ocrx_word' id='word_1_179' title='bbox 1112 2411 1280 2472; x_wconf 78' lang='lat' dir='ltr'>glossa</span> <span class='ocrx_word' id='word_1_180' title='bbox 1300 2413 1395 2473; x_wconf 87' lang='lat' dir='ltr'>est,</span> <span class='ocrx_word' id='word_1_181' title='bbox 1419 2426 1577 2472; x_wconf 76' lang='lat' dir='ltr'>eaque</span> <span class='ocrx_word' id='word_1_182' title='bbox 1598 2412 1744 2461; x_wconf 79' lang='lat' dir='ltr'>falsa.</span> 
     </span>
    </p>
   </div>
   <div class='ocr_carea' id='block_1_14' title="bbox 515 2474 2294 2609">
    <p class='ocr_par' dir='ltr' id='par_1_14' title="bbox 515 2474 2294 2609">
     <span class='ocr_line' id='line_1_26' title="bbox 515 2474 1848 2539; baseline -0.001 -12"><span class='ocrx_word' id='word_1_183' title='bbox 515 2483 540 2539; x_wconf 64' lang='grc' dir='ltr'>ἓ</span> <span class='ocrx_word' id='word_1_184' title='bbox 561 2480 669 2528; x_wconf 92' lang='grc'><strong>282.</strong></span> <span class='ocrx_word' id='word_1_185' title='bbox 734 2481 824 2535; x_wconf 85' lang='grc' dir='ltr'>τὴν</span> <span class='ocrx_word' id='word_1_186' title='bbox 845 2477 1051 2525; x_wconf 73' lang='grc' dir='ltr'>διάνοιαν</span> <span class='ocrx_word' id='word_1_187' title='bbox 1071 2479 1261 2536; x_wconf 85' lang='grc' dir='ltr'>ταύτην,</span> <span class='ocrx_word' id='word_1_188' title='bbox 1288 2474 1371 2524; x_wconf 79' lang='grc' dir='ltr'>οὐκ</span> <span class='ocrx_word' id='word_1_189' title='bbox 1394 2478 1660 2535; x_wconf 78' lang='grc' dir='ltr'>ἐμιμήσατο</span> <span class='ocrx_word' id='word_1_190' title='bbox 1681 2476 1848 2527; x_wconf 77' lang='lat' dir='ltr'>VoEM.</span> 
     </span>
     <span class='ocr_line' id='line_1_27' title="bbox 516 2539 2294 2609; baseline 0.001 -18"><span class='ocrx_word' id='word_1_191' title='bbox 516 2548 544 2606; x_wconf 62' lang='grc' dir='ltr'>ς</span> <span class='ocrx_word' id='word_1_192' title='bbox 567 2544 680 2592; x_wconf 83' lang='grc'><strong>283.</strong></span> <span class='ocrx_word' id='word_1_193' title='bbox 747 2542 772 2590; x_wconf 90' lang='grc' dir='ltr'>ὁ</span> <span class='ocrx_word' id='word_1_194' title='bbox 808 2542 1036 2604; x_wconf 81' lang='grc' dir='ltr'>βασιλεὺς</span> <span class='ocrx_word' id='word_1_195' title='bbox 1070 2539 1210 2600; x_wconf 84' lang='lat' dir='ltr'><strong>vulg.</strong></span> <span class='ocrx_word' id='word_1_196' title='bbox 1246 2542 1368 2589; x_wconf 79' lang='lat' dir='ltr'>ante</span> <span class='ocrx_word' id='word_1_197' title='bbox 1410 2540 1596 2589; x_wconf 74' lang='lat' dir='ltr'>Rmsn.</span> <span class='ocrx_word' id='word_1_198' title='bbox 1663 2539 1765 2590; x_wconf 81' lang='lat' dir='ltr'>Sed</span> <span class='ocrx_word' id='word_1_199' title='bbox 1806 2555 1908 2591; x_wconf 90' lang='lat' dir='ltr'>om.</span> <span class='ocrx_word' id='word_1_200' title='bbox 1962 2541 2038 2608; x_wconf 84' lang='lat' dir='ltr'>(ut</span> <span class='ocrx_word' id='word_1_201' title='bbox 2067 2542 2294 2609; x_wconf 80' lang='lat' dir='ltr'>videtur)</span> 
     </span>
    </p>
   </div>
   <div class='ocr_carea' id='block_1_15' title="bbox 420 2683 1304 3319">
    <p class='ocr_par' dir='ltr' id='par_1_15' title="bbox 420 2683 1304 3319">
     <span class='ocr_line' id='line_1_28' title="bbox 420 2683 1304 2736; baseline -0.002 0"><span class='ocrx_word' id='word_1_202' title='bbox 420 2686 534 2736; x_wconf 81' lang='lat' dir='ltr'>said</span> <span class='ocrx_word' id='word_1_203' title='bbox 566 2686 682 2735; x_wconf 76' lang='lat' dir='ltr'>that</span> <span class='ocrx_word' id='word_1_204' title='bbox 713 2685 859 2733; x_wconf 86' lang='lat' dir='ltr'>there</span> <span class='ocrx_word' id='word_1_205' title='bbox 894 2698 998 2734; x_wconf 75' lang='lat' dir='ltr'>was</span> <span class='ocrx_word' id='word_1_206' title='bbox 1032 2683 1230 2733; x_wconf 83' lang='lat' dir='ltr'>erected</span> <span class='ocrx_word' id='word_1_207' title='bbox 1272 2699 1304 2734; x_wconf 80' lang='lat' dir='ltr'>a.</span> 
     </span>
     <span class='ocr_line' id='line_1_29' title="bbox 420 2748 1299 2810; baseline -0.005 -10"><span class='ocrx_word' id='word_1_208' title='bbox 420 2754 590 2800; x_wconf 79' lang='lat' dir='ltr'>statue</span> <span class='ocrx_word' id='word_1_209' title='bbox 643 2752 698 2799; x_wconf 76' lang='lat' dir='ltr'>of</span> <span class='ocrx_word' id='word_1_210' title='bbox 752 2750 923 2809; x_wconf 85' lang='lat' dir='ltr'>Solon,</span> <span class='ocrx_word' id='word_1_211' title='bbox 981 2749 1171 2810; x_wconf 79' lang='lat' dir='ltr'><strong>having</strong></span> <span class='ocrx_word' id='word_1_212' title='bbox 1212 2748 1299 2797; x_wconf 87' lang='lat' dir='ltr'>his</span> 
     </span>
     <span class='ocr_line' id='line_1_30' title="bbox 420 2812 1302 2863; baseline -0.001 0"><span class='ocrx_word' id='word_1_213' title='bbox 420 2816 541 2863; x_wconf 85' lang='lat' dir='ltr'>robe</span> <span class='ocrx_word' id='word_1_214' title='bbox 563 2814 736 2862; x_wconf 79' lang='lat' dir='ltr'>drawn</span> <span class='ocrx_word' id='word_1_215' title='bbox 749 2813 918 2861; x_wconf 81' lang='lat' dir='ltr'>round</span> <span class='ocrx_word' id='word_1_216' title='bbox 935 2813 1046 2860; x_wconf 87' lang='lat' dir='ltr'>him</span> <span class='ocrx_word' id='word_1_217' title='bbox 1071 2812 1197 2861; x_wconf 84' lang='lat' dir='ltr'>with</span> <span class='ocrx_word' id='word_1_218' title='bbox 1217 2813 1302 2862; x_wconf 85' lang='lat' dir='ltr'>his</span> 
     </span>
     <span class='ocr_line' id='line_1_31' title="bbox 421 2876 1300 2928; baseline -0.001 -1"><span class='ocrx_word' id='word_1_219' title='bbox 421 2877 564 2928; x_wconf 73' lang='lat' dir='ltr'>hand</span> <span class='ocrx_word' id='word_1_220' title='bbox 583 2877 762 2926; x_wconf 89' lang='lat' dir='ltr'>within</span> <span class='ocrx_word' id='word_1_221' title='bbox 777 2877 866 2925; x_wconf 90' lang='lat' dir='ltr'>the</span> <span class='ocrx_word' id='word_1_222' title='bbox 880 2877 1025 2928; x_wconf 74' lang='lat' dir='ltr'>felde.</span> <span class='ocrx_word' id='word_1_223' title='bbox 1035 2876 1064 2900; x_wconf 85' lang='lat'>&#39;²</span> <span class='ocrx_word' id='word_1_224' title='bbox 1128 2877 1196 2925; x_wconf 92' lang='lat' dir='ltr'>In</span> <span class='ocrx_word' id='word_1_225' title='bbox 1211 2876 1300 2926; x_wconf 85' lang='lat' dir='ltr'>the</span> 
     </span>
     <span class='ocr_line' id='line_1_32' title="bbox 421 2941 1303 3005; baseline -0.005 -13"><span class='ocrx_word' id='word_1_226' title='bbox 421 2950 546 2992; x_wconf 80' lang='lat' dir='ltr'>orat.</span> <span class='ocrx_word' id='word_1_227' title='bbox 580 2944 771 2991; x_wconf 71' lang='lat' dir='ltr'>directa</span> <span class='ocrx_word' id='word_1_228' title='bbox 804 2942 879 3005; x_wconf 79' lang='lat' dir='ltr'>(as</span> <span class='ocrx_word' id='word_1_229' title='bbox 901 2942 1170 2990; x_wconf 72' lang='lat' dir='ltr'>Sonmmn</span> <span class='ocrx_word' id='word_1_230' title='bbox 1189 2941 1303 2989; x_wconf 86' lang='lat' dir='ltr'>well</span> 
     </span>
     <span class='ocr_line' id='line_1_33' title="bbox 421 3004 1301 3068; baseline -0.005 -12"><span class='ocrx_word' id='word_1_231' title='bbox 421 3008 675 3068; x_wconf 82' lang='lat' dir='ltr'>observes)</span> <span class='ocrx_word' id='word_1_232' title='bbox 722 3005 764 3052; x_wconf 90' lang='lat' dir='ltr'>it</span> <span class='ocrx_word' id='word_1_233' title='bbox 794 3004 960 3053; x_wconf 87' lang='lat' dir='ltr'>would</span> <span class='ocrx_word' id='word_1_234' title='bbox 999 3004 1129 3053; x_wconf 78' lang='lat' dir='ltr'>have</span> <span class='ocrx_word' id='word_1_235' title='bbox 1171 3004 1301 3053; x_wconf 87' lang='lat' dir='ltr'>been</span> 
     </span>
     <span class='ocr_line' id='line_1_34' title="bbox 422 3071 1298 3133; baseline -0.006 -12"><span class='ocrx_word' id='word_1_236' title='bbox 422 3075 537 3121; x_wconf 75' lang='grc' dir='ltr'>εἴσω</span> <span class='ocrx_word' id='word_1_237' title='bbox 554 3074 642 3130; x_wconf 81' lang='grc' dir='ltr'>τὴν</span> <span class='ocrx_word' id='word_1_238' title='bbox 648 3072 797 3133; x_wconf 77' lang='grc' dir='ltr'>χεῖρα</span> <span class='ocrx_word' id='word_1_239' title='bbox 813 3071 936 3130; x_wconf 85' lang='grc' dir='ltr'>ἔχων</span> <span class='ocrx_word' id='word_1_240' title='bbox 953 3071 1298 3131; x_wconf 78' lang='grc' dir='ltr'>ἀναβέβληται.</span> 
     </span>
     <span class='ocr_line' id='line_1_35' title="bbox 551 3133 1301 3196; baseline 0 -15"><span class='ocrx_word' id='word_1_241' title='bbox 551 3137 617 3196; x_wconf 70' lang='grc' dir='ltr'>τῇ</span> <span class='ocrx_word' id='word_1_242' title='bbox 634 3137 720 3183; x_wconf 83' lang='grc' dir='ltr'>τοῦ</span> <span class='ocrx_word' id='word_1_243' title='bbox 742 3135 794 3184; x_wconf 82' lang='grc' dir='ltr'><strong>Τ.</strong></span> <span class='ocrx_word' id='word_1_244' title='bbox 826 3134 1106 3196; x_wconf 77' lang='grc' dir='ltr'>προπετείᾳ]</span> <span class='ocrx_word' id='word_1_245' title='bbox 1139 3138 1172 3161; x_wconf 90' lang='grc'>“</span> <span class='ocrx_word' id='word_1_246' title='bbox 1192 3133 1301 3181; x_wconf 80' lang='lat' dir='ltr'>The</span> 
     </span>
     <span class='ocr_line' id='line_1_36' title="bbox 421 3196 1300 3255; baseline -0.003 -8"><span class='ocrx_word' id='word_1_247' title='bbox 421 3198 770 3255; x_wconf 79' lang='lat' dir='ltr'>forwardness,</span> <span class='ocrx_word' id='word_1_248' title='bbox 794 3197 883 3246; x_wconf 87' lang='lat' dir='ltr'>the</span> <span class='ocrx_word' id='word_1_249' title='bbox 903 3196 1203 3245; x_wconf 83' lang='lat' dir='ltr'>indecorons</span> <span class='ocrx_word' id='word_1_250' title='bbox 1217 3196 1300 3244; x_wconf 91' lang='lat' dir='ltr'>be·</span> 
     </span>
     <span class='ocr_line' id='line_1_37' title="bbox 422 3260 1303 3319; baseline -0.002 -8"><span class='ocrx_word' id='word_1_251' title='bbox 422 3262 638 3311; x_wconf 77' lang='lat' dir='ltr'>havionr</span> <span class='ocrx_word' id='word_1_252' title='bbox 669 3262 725 3309; x_wconf 78' lang='lat' dir='ltr'>of</span> <span class='ocrx_word' id='word_1_253' title='bbox 757 3260 1112 3319; x_wconf 51' lang='lat' dir='ltr'>Timarchus?</span> <span class='ocrx_word' id='word_1_254' title='bbox 1134 3261 1221 3310; x_wconf 89' lang='lat' dir='ltr'>i.e.</span> <span class='ocrx_word' id='word_1_255' title='bbox 1244 3264 1303 3310; x_wconf 79' lang='lat' dir='ltr'>in</span> 
     </span>
    </p>
   </div>
   <div class='ocr_carea' id='block_1_16' title="bbox 421 3163 552 3174">
    <p class='ocr_par' dir='ltr' id='par_1_16' title="bbox 421 3163 552 3174">
     <span class='ocr_line' id='line_1_38' title="bbox 421 3163 552 3174; baseline 0 968"><span class='ocrx_word' id='word_1_256' title='bbox 421 3163 552 3174; x_wconf 95' lang='lat' dir='ltr'> </span> 
     </span>
    </p>
   </div>
   <div class='ocr_carea' id='block_1_17' title="bbox 423 3326 1306 3703">
    <p class='ocr_par' dir='ltr' id='par_1_17' title="bbox 423 3326 1306 3513">
     <span class='ocr_line' id='line_1_39' title="bbox 424 3326 1306 3386; baseline 0 -12"><span class='ocrx_word' id='word_1_257' title='bbox 424 3329 501 3374; x_wconf 71' lang='lat' dir='ltr'>hic</span> <span class='ocrx_word' id='word_1_258' title='bbox 537 3328 706 3375; x_wconf 82' lang='lat' dir='ltr'>action</span> <span class='ocrx_word' id='word_1_259' title='bbox 741 3326 888 3373; x_wconf 78' lang='lat' dir='ltr'>while</span> <span class='ocrx_word' id='word_1_260' title='bbox 913 3327 1306 3386; x_wconf 51' lang='lat' dir='ltr'>specus-,ina—</span> 
     </span>
     <span class='ocr_line' id='line_1_40' title="bbox 423 3388 1306 3450; baseline -0.003 -11"><span class='ocrx_word' id='word_1_261' title='bbox 423 3389 527 3439; x_wconf 82' lang='grc' dir='ltr'>κατ’</span> <span class='ocrx_word' id='word_1_262' title='bbox 566 3390 764 3450; x_wconf 78' lang='grc' dir='ltr'>ἐκεῖνον]</span> <span class='ocrx_word' id='word_1_263' title='bbox 798 3395 829 3417; x_wconf 91' lang='grc'>“</span> <span class='ocrx_word' id='word_1_264' title='bbox 844 3388 890 3436; x_wconf 76' lang='grc' dir='ltr'><strong>Δ</strong></span> <span class='ocrx_word' id='word_1_265' title='bbox 921 3391 1306 3450; x_wconf 75' lang='lat' dir='ltr'>contemporary</span> 
     </span>
     <span class='ocr_line' id='line_1_41' title="bbox 423 3451 939 3513; baseline -0.002 -11"><span class='ocrx_word' id='word_1_266' title='bbox 423 3454 478 3502; x_wconf 78' lang='lat' dir='ltr'>of</span> <span class='ocrx_word' id='word_1_267' title='bbox 497 3452 633 3513; x_wconf 82' lang='lat' dir='ltr'>his,”</span> <span class='ocrx_word' id='word_1_268' title='bbox 654 3452 740 3502; x_wconf 90' lang='lat' dir='ltr'>i.e.</span> <span class='ocrx_word' id='word_1_269' title='bbox 772 3451 939 3502; x_wconf 86' lang='lat' dir='ltr'>Solon.</span> 
     </span>
    </p>

    <p class='ocr_par' dir='ltr' id='par_1_18' title="bbox 423 3514 1303 3703">
     <span class='ocr_line' id='line_1_42' title="bbox 488 3514 1303 3577; baseline 0 -13"><span class='ocrx_word' id='word_1_270' title='bbox 488 3518 599 3565; x_wconf 82' lang='lat'>282.</span> <span class='ocrx_word' id='word_1_271' title='bbox 648 3517 931 3577; x_wconf 82' lang='grc' dir='ltr'>ἐμιμήσατο]</span> <span class='ocrx_word' id='word_1_272' title='bbox 965 3514 1076 3563; x_wconf 79' lang='lat' dir='ltr'>“he</span> <span class='ocrx_word' id='word_1_273' title='bbox 1097 3517 1303 3564; x_wconf 66' lang='lat' dir='ltr'>anacteti</span> 
     </span>
     <span class='ocr_line' id='line_1_43' title="bbox 425 3578 1301 3628; baseline -0.001 0"><span class='ocrx_word' id='word_1_274' title='bbox 425 3580 517 3628; x_wconf 83' lang='lat' dir='ltr'>it.”</span> <span class='ocrx_word' id='word_1_275' title='bbox 582 3578 810 3628; x_wconf 81' lang='lat' dir='ltr'><strong>Another</strong></span> <span class='ocrx_word' id='word_1_276' title='bbox 850 3578 1074 3627; x_wconf 77' lang='lat' dir='ltr'>allusion</span> <span class='ocrx_word' id='word_1_277' title='bbox 1116 3581 1172 3627; x_wconf 90' lang='lat' dir='ltr'>to</span> <span class='ocrx_word' id='word_1_278' title='bbox 1214 3579 1301 3627; x_wconf 81' lang='lat' dir='ltr'>his</span> 
     </span>
     <span class='ocr_line' id='line_1_44' title="bbox 423 3642 1302 3703; baseline -0.002 -9"><span class='ocrx_word' id='word_1_279' title='bbox 423 3643 595 3694; x_wconf 79' lang='lat' dir='ltr'>rival’s</span> <span class='ocrx_word' id='word_1_280' title='bbox 629 3642 816 3691; x_wconf 76' lang='lat' dir='ltr'>former</span> <span class='ocrx_word' id='word_1_281' title='bbox 842 3642 1141 3703; x_wconf 76' lang='lat' dir='ltr'>profession.</span> <span class='ocrx_word' id='word_1_282' title='bbox 1208 3643 1302 3692; x_wconf 81' lang='lat' dir='ltr'>Ae-</span> 
     </span>
    </p>
   </div>
   <div class='ocr_carea' id='block_1_18' title="bbox 1415 2685 2304 3516">
    <p class='ocr_par' dir='ltr' id='par_1_19' title="bbox 1415 2685 2304 3516">
     <span class='ocr_line' id='line_1_45' title="bbox 1415 2685 2298 2750; baseline 0.005 -16"><span class='ocrx_word' id='word_1_283' title='bbox 1415 2685 1617 2735; x_wconf 86' lang='lat' dir='ltr'>schines</span> <span class='ocrx_word' id='word_1_284' title='bbox 1648 2685 1767 2745; x_wconf 81' lang='lat' dir='ltr'><strong>had,</strong></span> <span class='ocrx_word' id='word_1_285' title='bbox 1790 2686 1847 2735; x_wconf 90' lang='lat' dir='ltr'>in</span> <span class='ocrx_word' id='word_1_286' title='bbox 1880 2687 2156 2750; x_wconf 81' lang='lat' dir='ltr'>delivering</span> <span class='ocrx_word' id='word_1_287' title='bbox 2186 2688 2298 2738; x_wconf 86' lang='lat' dir='ltr'>this</span> 
     </span>
     <span class='ocr_line' id='line_1_46' title="bbox 1416 2750 2300 2812; baseline 0.005 -14"><span class='ocrx_word' id='word_1_288' title='bbox 1416 2753 1531 2812; x_wconf 78' lang='lat' dir='ltr'>part</span> <span class='ocrx_word' id='word_1_289' title='bbox 1547 2752 1600 2798; x_wconf 78' lang='lat' dir='ltr'>os</span> <span class='ocrx_word' id='word_1_290' title='bbox 1620 2750 1704 2800; x_wconf 89' lang='lat' dir='ltr'>his</span> <span class='ocrx_word' id='word_1_291' title='bbox 1726 2751 1925 2812; x_wconf 78' lang='lat' dir='ltr'>speech,</span> <span class='ocrx_word' id='word_1_292' title='bbox 1949 2750 2184 2801; x_wconf 76' lang='lat' dir='ltr'>imitated</span> <span class='ocrx_word' id='word_1_293' title='bbox 2204 2753 2300 2802; x_wconf 85' lang='lat' dir='ltr'>the</span> 
     </span>
     <span class='ocr_line' id='line_1_47' title="bbox 1417 2814 2299 2875; baseline 0.005 -13"><span class='ocrx_word' id='word_1_294' title='bbox 1417 2814 1635 2863; x_wconf 79' lang='lat' dir='ltr'>attitude</span> <span class='ocrx_word' id='word_1_295' title='bbox 1668 2815 1770 2863; x_wconf 76' lang='lat' dir='ltr'>and</span> <span class='ocrx_word' id='word_1_296' title='bbox 1789 2830 2005 2864; x_wconf 77' lang='lat' dir='ltr'>manner</span> <span class='ocrx_word' id='word_1_297' title='bbox 2034 2818 2087 2864; x_wconf 79' lang='lat' dir='ltr'>os</span> <span class='ocrx_word' id='word_1_298' title='bbox 2121 2816 2299 2875; x_wconf 84' lang='lat' dir='ltr'>Solon,</span> 
     </span>
     <span class='ocr_line' id='line_1_48' title="bbox 1418 2879 2297 2939; baseline 0.003 -12"><span class='ocrx_word' id='word_1_299' title='bbox 1418 2892 1476 2927; x_wconf 78' lang='lat' dir='ltr'>as</span> <span class='ocrx_word' id='word_1_300' title='bbox 1517 2879 1842 2939; x_wconf 78' lang='lat' dir='ltr'>represented</span> <span class='ocrx_word' id='word_1_301' title='bbox 1873 2880 1930 2928; x_wconf 90' lang='lat' dir='ltr'>in</span> <span class='ocrx_word' id='word_1_302' title='bbox 1972 2879 2063 2929; x_wconf 85' lang='lat' dir='ltr'>the</span> <span class='ocrx_word' id='word_1_303' title='bbox 2110 2883 2297 2931; x_wconf 76' lang='lat' dir='ltr'>statue.</span> 
     </span>
     <span class='ocr_line' id='line_1_49' title="bbox 1417 2942 2301 2993; baseline 0.003 -3"><span class='ocrx_word' id='word_1_304' title='bbox 1417 2942 1520 2990; x_wconf 90' lang='lat' dir='ltr'>For</span> <span class='ocrx_word' id='word_1_305' title='bbox 1552 2942 1642 2990; x_wconf 90' lang='lat' dir='ltr'>the</span> <span class='ocrx_word' id='word_1_306' title='bbox 1670 2942 1774 2990; x_wconf 87' lang='lat' dir='ltr'>loss</span> <span class='ocrx_word' id='word_1_307' title='bbox 1803 2944 1857 2991; x_wconf 77' lang='lat' dir='ltr'>of</span> <span class='ocrx_word' id='word_1_308' title='bbox 1889 2943 2107 2993; x_wconf 74' lang='lat' dir='ltr'>Salamis</span> <span class='ocrx_word' id='word_1_309' title='bbox 2128 2944 2301 2993; x_wconf 82' lang='lat' dir='ltr'>which</span> 
     </span>
     <span class='ocr_line' id='line_1_50' title="bbox 1418 3006 2300 3067; baseline 0.003 -13"><span class='ocrx_word' id='word_1_310' title='bbox 1418 3006 1625 3066; x_wconf 76' lang='lat' dir='ltr'>Megara</span> <span class='ocrx_word' id='word_1_311' title='bbox 1645 3006 1748 3054; x_wconf 79' lang='lat' dir='ltr'>had</span> <span class='ocrx_word' id='word_1_312' title='bbox 1770 3007 1951 3067; x_wconf 83' lang='lat' dir='ltr'>seized‚</span> <span class='ocrx_word' id='word_1_313' title='bbox 1978 3008 2078 3057; x_wconf 76' lang='lat' dir='ltr'>and</span> <span class='ocrx_word' id='word_1_314' title='bbox 2091 3009 2162 3056; x_wconf 89' lang='lat' dir='ltr'>its</span> <span class='ocrx_word' id='word_1_315' title='bbox 2178 3008 2300 3057; x_wconf 85' lang='lat' dir='ltr'>sub·</span> 
     </span>
     <span class='ocr_line' id='line_1_51' title="bbox 1421 3071 2302 3132; baseline 0.002 -14"><span class='ocrx_word' id='word_1_316' title='bbox 1421 3072 1635 3131; x_wconf 86' lang='lat' dir='ltr'>sequent</span> <span class='ocrx_word' id='word_1_317' title='bbox 1655 3085 1891 3132; x_wconf 80' lang='lat' dir='ltr'>recovery</span> <span class='ocrx_word' id='word_1_318' title='bbox 1909 3072 2040 3120; x_wconf 73' lang='lat' dir='ltr'>after</span> <span class='ocrx_word' id='word_1_319' title='bbox 2064 3071 2154 3121; x_wconf 87' lang='lat' dir='ltr'>the</span> <span class='ocrx_word' id='word_1_320' title='bbox 2173 3073 2302 3121; x_wconf 86' lang='lat' dir='ltr'>reci-</span> 
     </span>
     <span class='ocr_line' id='line_1_52' title="bbox 1419 3133 2300 3195; baseline 0.005 -15"><span class='ocrx_word' id='word_1_321' title='bbox 1419 3134 1585 3181; x_wconf 86' lang='lat' dir='ltr'>tation</span> <span class='ocrx_word' id='word_1_322' title='bbox 1595 3134 1654 3181; x_wconf 75' lang='lat' dir='ltr'>of</span> <span class='ocrx_word' id='word_1_323' title='bbox 1674 3133 1764 3182; x_wconf 87' lang='lat' dir='ltr'>the</span> <span class='ocrx_word' id='word_1_324' title='bbox 1779 3149 1928 3195; x_wconf 90' lang='lat' dir='ltr'>poem</span> <span class='ocrx_word' id='word_1_325' title='bbox 1937 3135 2105 3184; x_wconf 84' lang='lat' dir='ltr'>which</span> <span class='ocrx_word' id='word_1_326' title='bbox 2123 3136 2300 3195; x_wconf 82' lang='lat' dir='ltr'>Solon.</span> 
     </span>
     <span class='ocr_line' id='line_1_53' title="bbox 1420 3197 2302 3258; baseline 0.006 -14"><span class='ocrx_word' id='word_1_327' title='bbox 1420 3197 1813 3258; x_wconf 75' lang='lat' dir='ltr'>counterieiting</span> <span class='ocrx_word' id='word_1_328' title='bbox 1878 3199 2133 3258; x_wconf 80' lang='lat' dir='ltr'>madness,</span> <span class='ocrx_word' id='word_1_329' title='bbox 2191 3199 2302 3249; x_wconf 71' lang='lat' dir='ltr'>had</span> 
     </span>
     <span class='ocr_line' id='line_1_54' title="bbox 1420 3261 2300 3324; baseline 0.003 -14"><span class='ocrx_word' id='word_1_330' title='bbox 1420 3261 1705 3322; x_wconf 84' lang='lat' dir='ltr'>composed,</span> <span class='ocrx_word' id='word_1_331' title='bbox 1725 3275 1807 3310; x_wconf 83' lang='lat' dir='ltr'>see</span> <span class='ocrx_word' id='word_1_332' title='bbox 1830 3262 2035 3312; x_wconf 74' lang='lat' dir='ltr'>Thirlw.</span> <span class='ocrx_word' id='word_1_333' title='bbox 2058 3276 2117 3311; x_wconf 84' lang='lat'>11.</span> <span class='ocrx_word' id='word_1_334' title='bbox 2141 3278 2191 3324; x_wconf 89' lang='lat' dir='ltr'>p.</span> <span class='ocrx_word' id='word_1_335' title='bbox 2214 3265 2300 3313; x_wconf 82' lang='grc'>24.</span> 
     </span>
     <span class='ocr_line' id='line_1_55' title="bbox 1550 3326 2295 3389; baseline 0.005 -16"><span class='ocrx_word' id='word_1_336' title='bbox 1550 3327 1756 3388; x_wconf 58' lang='lat' dir='ltr'>craecis]</span> <span class='ocrx_word' id='word_1_337' title='bbox 1789 3326 2026 3388; x_wconf 79' lang='lat' dir='ltr'>“having</span> <span class='ocrx_word' id='word_1_338' title='bbox 2065 3327 2295 3389; x_wconf 78' lang='lat' dir='ltr'>pawned‚</span> 
     </span>
     <span class='ocr_line' id='line_1_56' title="bbox 1419 3389 2304 3449; baseline 0.006 -13"><span class='ocrx_word' id='word_1_339' title='bbox 1419 3389 1734 3449; x_wconf 75' lang='lat' dir='ltr'>mortgaged,</span> <span class='ocrx_word' id='word_1_340' title='bbox 1778 3390 2007 3440; x_wconf 78' lang='lat' dir='ltr'>staked.’&#39;</span> <span class='ocrx_word' id='word_1_341' title='bbox 2086 3390 2225 3440; x_wconf 81' lang='lat' dir='ltr'>Such</span> <span class='ocrx_word' id='word_1_342' title='bbox 2271 3393 2304 3441; x_wconf 88' lang='grc' dir='ltr'>Ι</span> 
     </span>
     <span class='ocr_line' id='line_1_57' title="bbox 1420 3453 2228 3516; baseline 0.005 -17"><span class='ocrx_word' id='word_1_343' title='bbox 1420 3453 1654 3500; x_wconf 75' lang='lat' dir='ltr'>conceive</span> <span class='ocrx_word' id='word_1_344' title='bbox 1676 3455 1729 3501; x_wconf 89' lang='lat' dir='ltr'>to</span> <span class='ocrx_word' id='word_1_345' title='bbox 1751 3453 1812 3501; x_wconf 89' lang='lat' dir='ltr'>be</span> <span class='ocrx_word' id='word_1_346' title='bbox 1835 3453 1923 3502; x_wconf 85' lang='lat' dir='ltr'>the</span> <span class='ocrx_word' id='word_1_347' title='bbox 1943 3454 2228 3516; x_wconf 76' lang='lat' dir='ltr'>metaphor.</span> 
     </span>
    </p>
   </div>
   <div class='ocr_carea' id='block_1_19' title="bbox 1419 3352 1542 3362">
    <p class='ocr_par' dir='ltr' id='par_1_20' title="bbox 1419 3352 1542 3362">
     <span class='ocr_line' id='line_1_58' title="bbox 1419 3352 1542 3362; baseline 0 0"><span class='ocrx_word' id='word_1_348' title='bbox 1419 3352 1542 3362; x_wconf 95' lang='lat' dir='ltr'> </span> 
     </span>
    </p>
   </div>
   <div class='ocr_carea' id='block_1_20' title="bbox 1423 3517 2304 3647">
    <p class='ocr_par' dir='ltr' id='par_1_21' title="bbox 1423 3517 2304 3647">
     <span class='ocr_line' id='line_1_59' title="bbox 1484 3517 2300 3584; baseline 0.006 -21"><span class='ocrx_word' id='word_1_349' title='bbox 1484 3519 1510 3576; x_wconf 65' lang='grc' dir='ltr'>ἓ</span> <span class='ocrx_word' id='word_1_350' title='bbox 1569 3517 1679 3564; x_wconf 88' lang='grc'><strong>283.</strong></span> <span class='ocrx_word' id='word_1_351' title='bbox 1772 3519 2000 3578; x_wconf 81' lang='grc' dir='ltr'>ὑμετέραν</span> <span class='ocrx_word' id='word_1_352' title='bbox 2059 3519 2300 3584; x_wconf 75' lang='grc' dir='ltr'>ἔγνωσαν]</span> 
     </span>
     <span class='ocr_line' id='line_1_60' title="bbox 1423 3579 2304 3647; baseline 0.006 -19"><span class='ocrx_word' id='word_1_353' title='bbox 1423 3579 1517 3628; x_wconf 84' lang='lat' dir='ltr'>See</span> <span class='ocrx_word' id='word_1_354' title='bbox 1559 3579 1731 3629; x_wconf 85' lang='lat' dir='ltr'>before</span> <span class='ocrx_word' id='word_1_355' title='bbox 1774 3585 1800 3642; x_wconf 70' lang='lat'><em>5</em></span> <span class='ocrx_word' id='word_1_356' title='bbox 1844 3583 2304 3647; x_wconf 73' lang='grc' dir='ltr'>150.-ἐξέδωκε]</span> 
     </span>
    </p>
   </div>
   <div class='ocr_carea' id='block_1_21' title="bbox 1418 3644 1777 3705">
    <p class='ocr_par' dir='ltr' id='par_1_22' title="bbox 1418 3644 1777 3705">
     <span class='ocr_line' id='line_1_61' title="bbox 1418 3644 1777 3705; baseline 0.006 -11"><span class='ocrx_word' id='word_1_357' title='bbox 1418 3644 1594 3705; x_wconf 86' lang='lat' dir='ltr'><strong>Comp.</strong></span> <span class='ocrx_word' id='word_1_358' title='bbox 1620 3645 1646 3703; x_wconf 70' lang='grc'>5</span> <span class='ocrx_word' id='word_1_359' title='bbox 1667 3646 1777 3696; x_wconf 86' lang='grc'><strong>291.</strong></span> 
     </span>
    </p>
   </div>
   <div class='ocr_carea' id='block_1_22' title="bbox 2410 872 2432 901">
    <p class='ocr_par' dir='ltr' id='par_1_23' title="bbox 2410 872 2432 901">
     <span class='ocr_line' id='line_1_62' title="bbox 2410 872 2432 901; baseline 0 0"><span class='ocrx_word' id='word_1_360' title='bbox 2410 872 2432 901; x_wconf 81' lang='grc' dir='ltr'><em>Ι</em></span> 
     </span>
    </p>
   </div>
   <div class='ocr_carea' id='block_1_23' title="bbox 275 1046 2438 1133">
    <p class='ocr_par' dir='ltr' id='par_1_24' title="bbox 275 1046 2438 1133">
     <span class='ocr_line' id='line_1_63' title="bbox 275 1046 2438 1133; baseline -0.001 -17"><span class='ocrx_word' id='word_1_361' title='bbox 275 1062 384 1121; x_wconf 87' lang='lat'>252</span> <span class='ocrx_word' id='word_1_362' title='bbox 415 1050 618 1117; x_wconf 72' lang='grc' dir='ltr'>αὐτοῦ.</span> <span class='ocrx_word' id='word_1_363' title='bbox 665 1055 851 1116; x_wconf 88' lang='grc' dir='ltr'>τοῦτο</span> <span class='ocrx_word' id='word_1_364' title='bbox 879 1049 994 1127; x_wconf 87' lang='grc' dir='ltr'>μὲν</span> <span class='ocrx_word' id='word_1_365' title='bbox 1012 1049 1222 1114; x_wconf 87' lang='grc' dir='ltr'>τοίνυν</span> <span class='ocrx_word' id='word_1_366' title='bbox 1250 1046 1390 1114; x_wconf 83' lang='grc' dir='ltr'>εἶπε</span> <span class='ocrx_word' id='word_1_367' title='bbox 1417 1053 1547 1118; x_wconf 84' lang='grc' dir='ltr'>τοῖς</span> <span class='ocrx_word' id='word_1_368' title='bbox 1575 1047 1902 1119; x_wconf 84' lang='grc' dir='ltr'>δικασταῖς</span> <span class='ocrx_word' id='word_1_369' title='bbox 1930 1049 2039 1115; x_wconf 83' lang='grc' dir='ltr'>καὶ</span> <span class='ocrx_word' id='word_1_370' title='bbox 2067 1051 2287 1133; x_wconf 80' lang='grc' dir='ltr'>ἐμιμή·</span> <span class='ocrx_word' id='word_1_371' title='bbox 2315 1058 2438 1120; x_wconf 85' lang='lat'>282</span> 
     </span>
    </p>
   </div>
   <div class='ocr_carea' id='block_1_24' title="bbox 2325 1875 2443 1948">
    <p class='ocr_par' dir='ltr' id='par_1_25' title="bbox 2325 1875 2443 1948">
     <span class='ocr_line' id='line_1_64' title="bbox 2325 1875 2443 1948; baseline 0.008 -18"><span class='ocrx_word' id='word_1_372' title='bbox 2325 1875 2443 1948; x_wconf 85' lang='lat'>283</span> 
     </span>
    </p>
   </div>
   <div class='ocr_carea' id='block_1_25' title="bbox 2611 1836 2643 1957">
    <p class='ocr_par' dir='ltr' id='par_1_26' title="bbox 2611 1836 2643 1957">
     <span class='ocr_line' id='line_1_65' title="bbox 2611 1836 2643 1957; textangle 90"><span class='ocrx_word' id='word_1_373' title='bbox 2611 1836 2643 1957; x_wconf 58' lang='lat' dir='ltr'>lis.-</span> 
     </span>
    </p>
   </div>
   <div class='ocr_carea' id='block_1_26' title="bbox 2634 1497 2648 3940">
    <p class='ocr_par' dir='ltr' id='par_1_27' title="bbox 2634 1497 2648 3940">
     <span class='ocr_line' id='line_1_66' title="bbox 2634 1497 2648 3940; baseline 0 0"><span class='ocrx_word' id='word_1_374' title='bbox 2634 1497 2648 3940; x_wconf 95' lang='lat' dir='ltr'> </span> 
     </span>
    </p>
   </div>
   <div class='ocr_carea' id='block_1_27' title="bbox 2640 1 2645 538">
    <p class='ocr_par' dir='ltr' id='par_1_28' title="bbox 2640 1 2645 538">
     <span class='ocr_line' id='line_1_67' title="bbox 2640 1 2645 538; baseline 0 0"><span class='ocrx_word' id='word_1_375' title='bbox 2640 1 2645 538; x_wconf 95' lang='lat' dir='ltr'> </span> 
     </span>
    </p>
   </div>
  </div>
 </body>
</html>
