2667 4142
2277 849 2396 914 333

1137 1008 1175 1049 ,0
1209 1009 1347 1047 ΠΕΡΙ
1380 1007 1491 1051 ΤΗΣ

816 1152 1799 1248 ΠΑΡΑΠΡΕΣΒΕΙΑΣ

1146 1307 1465 1379 ΛΟΓΟΣ.

801 1600 1255 1666 AIBANIOT
1314 1598 1818 1703 “ΤΠΟΘΕΣΙΣ.

510 1749 950 1819 ΑΙΣΧΙΝΗΣ
991 1748 1067 1831 ἦν
1105 1748 1260 1837 ἀνὴρ
1297 1748 1656 1831 Ἀθηναῖος,
1688 1752 1812 1843 υἱὸς
1862 1748 2255 1838 Ἀτρομήτου

383 1850 488 1916 καὶ
529 1851 945 1929 Γλαυκοθέας,
992 1850 1364 1937 ἀμφοτέρων
1409 1851 1661 1935 ἀδόξων,
1716 1852 1795 1924 ὥς
1836 1859 2000 1939 φησι
2039 1857 2256 1935 Δημο-

382 1952 621 2032 σθένης·
681 1955 788 2018 τὸν
828 1953 944 2035 μὲν
985 1953 1109 2037 γὰρ
1151 1954 1498 2037 γράμματα
1555 1954 1953 2034 διδάσκοντα,
2015 1954 2132 2036 τὴν
2188 1953 2257 2018 δὲ

381 2055 809 2140 καθαίρουσαν
835 2056 942 2121 καὶ
969 2055 1229 2126 τελετάς
1258 2084 1430 2127 τινας
1459 2056 1531 2122 οὗ
1561 2057 1913 2126 σπουδαίας
1942 2056 2257 2124 τελοῦσάν

382 2161 546 2242 φησι
590 2156 850 2238 διαζῆνι·
892 2152 1316 2243 παραδέδοται
1365 2159 1434 2225 δὲ
1476 2160 1581 2224 καὶ
1631 2153 1813 2229 αὐτὸς
1861 2159 1893 2223 ὁ
1943 2160 2257 2246 Αἰσχίνης

383 2257 745 2344 τραγῳδιῶν
771 2285 841 2324 τε
868 2258 1207 2347 ὑποκριτὴς
1234 2260 1556 2345 γενόμενος
1585 2262 1691 2326 καὶ
1718 2261 2117 2348 γραμματεὺς
2146 2267 2257 2343 τῆς

384 2359 646 2441 πόλεως,
671 2359 828 2447 ,ἥτις
872 2359 952 2442 ἦν
1001 2361 1255 2444 εὐτελὴς
1306 2359 1637 2450 ὑπηρεσία.
1727 2363 1990 2449 ὕστερον
2044 2363 2257 2449 μέντοι

384 2464 508 2526 τῶν
554 2461 834 2548 ῥητόρων
881 2462 967 2535 εἷς
1013 2463 1268 2548 ἐγένετο,
1318 2465 1426 2530 καὶ
1471 2465 1616 2551 περὶ
1659 2467 1769 2545 τῆς
1819 2464 2059 2551 εἰρήνης
2100 2463 2259 2551 πρὸς

385 2563 723 2631 Φίλιππον
766 2565 1215 2650 ἐπρέσβευσεν.
1302 2572 1726 2649 πολεμοῦντες
1767 2566 1890 2656 γὰρ
1932 2565 2258 2648 Ἀθηναῖοι

385 2666 701 2751 Φιλίππῳ
758 2667 903 2752 περὶ
960 2665 1410 2759 Ἀμφιπόλεως
1468 2669 1574 2734 καὶ
1630 2668 1851 2733 πολλὰ
1909 2668 2026 2751 μὲν
2082 2667 2258 2735 αὐτοὶ

386 2767 555 2833 δεινὰ
595 2768 959 2858 πάσχοντες
1003 2768 1266 2853 δρῶντες
1310 2770 1378 2837 δὲ
1420 2769 1594 2836 οὐδὲν
1636 2771 1815 2853 ἄξιον
1851 2770 2064 2852 λόγου,
2096 2769 2260 2834 ἐπεί-

385 2869 638 2950 σθησαν
667 2869 825 2954 ὑπὲρ
857 2869 1096 2957 εἰρήνης
1133 2873 1668 2954 πρεσβεύσασθαι
1707 2872 1863 2957 πρὸς
1901 2874 2256 2937 Φιλιππου·

385 2971 714 3053 πέμπουσι
743 2971 817 3053 δὴ
846 2972 1152 3061 πρέσβεις
1181 2971 1331 3039 δέκα
1359 2973 1468 3039 τὸν
1496 2972 1778 3060 ἀριθμόν,
1811 2975 1877 3038 ἐν
1905 2973 1999 3044 οἷς
2027 2972 2261 3062 Αἰσχί·

386 3101 494 3152 νης
524 3100 593 3138 τε
620 3075 726 3140 καὶ
756 3074 1165 3156 Δημοσθένης
1192 3075 1376 3155 ἦσαν.
1458 3075 1792 3159 δεξαμένου
1828 3076 1895 3141 δὲ
1924 3078 2263 3142 Φιλίππου

387 3178 499 3248 τὰς
534 3177 869 3256 διαλύσεις,
915 3179 1118 3243 πάλιν
1158 3178 1222 3244 οἱ
1260 3178 1442 3244 αὐτοὶ
1485 3178 1918 3265 πρεσβεύουσι
1961 3177 2261 3262 δεύτερον,

387 3278 557 3350 ’ὅπως
615 3279 676 3346 οἱ
729 3279 877 3364 περὶ.
931 3283 1045 3362 τῆς
1103 3278 1344 3369 εἰρήνης
1401 3279 1575 3365 ὅρκοι
1624 3282 1919 3362 γένοιντο.
2006 3281 2152 3369 περὶ
2198 3278 2266 3344 δὲ

454 3455 566 3504 333.
602 3420 679 3518 <1)'
695 3456 778 3513 ζῆν
798 3453 917 3503 eod.
934 3453 990 3504 F.
1034 3453 1133 3503 Sed
1148 3453 1279 3503 iuna
1378 3454 1411 3517 ᾗ
1455 3457 1512 3515 δὴ
1546 3457 1603 3505 τὸ
1640 3457 1869 3505 πλεῖστον
1906 3457 2064 3512 διέζων
2101 3458 2151 3504 ιν
2195 3460 2269 3516 τῷ

391 3519 528 3568 valet
551 3521 653 3567 “to
667 3520 750 3579 get
768 3518 975 3580 aliving
985 3517 1103 3578 by.'’
1122 3518 1276 3579 soph.
1377 3520 1489 3569 τότε
1530 3519 1700 3581 χρόνῳ.
1766 3519 1928 3580 Quem
1971 3521 2139 3568 locum
2184 3534 2266 3568 ex·

393 3583 609 3632 Philoct.
635 3583 745 3638 535,
769 3581 925 3631 Arist.
954 3582 1101 3631 Avib.
1137 3583 1280 3643 1434,
1318 3589 1343 3622 ὁ
1380 3582 1561 3644 scripsi
1593 3585 1800 3646 propter
1830 3584 2075 3631 rariorem
2113 3597 2266 3632 usum

393 3647 529 3698 Plut.
571 3647 679 3706 906,
715 3646 849 3696 Plat.
896 3659 977 3698 111.
1020 3646 1082 3695 de
1125 3646 1277 3708 Legg.
1379 3647 1556 3703 dativi.
1604 3662 1764 3708 quum.
1809 3650 1893 3712 ἀφ’
1934 3647 1991 3713 ἧς
2033 3646 2091 3697 in
2124 3661 2267 3697 more

395 3711 488 3764 679
523 3710 569 3761 A
589 3713 728 3772 νομῆς
742 3712 841 3775 γὰρ
862 3713 949 3761 οὐκ
966 3708 1026 3771 ἦν
1047 3712 1273 3761 σπάνις...
1377 3713 1667 3774 usurpetur.

568 3821 617 3870 s,
663 3822 829 3870 DEM.
2054 3807 2083 3867 1
