2667 4142
1291 250 1329 310 3

371 402 484 473 τὰς
514 403 619 469 δύο
648 404 864 470 πόλεις
892 401 1260 483 *γειτνιώσας
1290 399 1515 474 αὐτοῖς,
1550 399 1908 468 Θετταλοὺς
1939 399 2004 464 δὲ
2032 423 2242 485 παρω-

371 502 662 585 σάμενοι3
700 503 814 584 τὴν
847 501 1360 585 Ἀμφικτυονίαν,
1402 499 1514 566 ὅτε
1553 502 1620 566 ἐν
1656 500 1821 585 μέσῃ
1852 499 2092 565 Φωκίδι
2120 504 2245 565 τῶν

371 605 438 668 ἐν
465 608 742 686 Δελφοῖς
773 603 946 688 ἱερῶν
977 603 1357 687 ἱδρυμένων*.
1445 602 1657 682 ἐπειδὴ
1687 602 1753 667 δὲ
1781 602 1986 668 πολὺν
2013 600 2243 688 χρόνον

372 709 779 788 ἐπολέμησαν
806 707 960 792 πρὸς
1001 705 1252 776 ἑαυτοὺς
1287 705 1614 786 Ἀθηναῖοι
1643 705 1749 770 καὶ
1778 705 2123 779 Φίλιππος,
2156 708 2246 789 τῷ

370 809 579 894 χρόνῳ
622 807 736 890 τὴν
780 806 1023 892 εἰρήνην
1070 807 1352 893 ἑκάτεροι
1407 810 1613 871 ποιεῖν
1671 804 2032 884 ἐβούλοντο,
2093 802 2242 866 ἀλλ’

372 907 664 994 ὁπότερος
693 911 893 985 ταῦτα
920 907 1384 992 προβάλλοιτο,
1408 905 1721 996 αἰσχύνην
1750 905 1920 991 ἔχειν
1943 904 2235 986 ἐνόμιζον.

370 1007 827 1092 Ἀριστόδημος
874 1007 941 1073 δὲ
1003 1009 1108 1073 καὶ
1158 1009 1605 1091 Νεοπτόλεμος
1652 1008 1663 1095 Ι
1708 1007 2044 1090 ὑποκριταὶ
2095 1033 2242 1092 τρα-
2283 1019 2401 1084 335

371 1109 598 1193 ’γῳδίας
627 1110 989 1199 ἐτύγχανον,
1022 1108 1191 1175 οὗτοι
1220 1108 1323 1174 διὰ
1353 1109 1465 1190 τὴν
1503 1109 1737 1175 οἰκείαν
1772 1109 2001 1198 τέχνην
2029 1107 2244 1172 ἄδειαν

374 1210 545 1298 εἰχον
574 1210 840 1290 ἀπιέναι,
872 1211 1059 1276 ὅπουῦ
1100 1209 1178 1276 ἂν
1218 1211 1596 1290 βούλωνται,
1637 1209 1811 1276 ἀλλὰ
1849 1210 1921 1290 δὴ
1950 1210 2056 1274 καὶ
2084 1211 2241 1296 πρὸς

372 1317 726 1397 πολεμίους.
813 1313 1195 1382 ἀπελθόντες
1232 1311 1340 1378 οὖν
1373 1312 1545 1378 οὗτοι
1578 1312 1664 1383 εἰς
1703 1313 1817 1392 τὴν
1847 1311 2245 1376 Μακεδονίαν

375 1412 767 1496 ἐπεδείξαντο
806 1413 918 1493 τὴν
955 1412 1187 1478 οἰκείαν
1226 1413 1474 1500 τέχνην,
1493 1413 1623 1477 ’καὶ
1658 1411 1816 1477 οὕτω
1848 1412 2244 1497 φιλοφρόνως

375 1513 591 1584 αὐτοὺς
619 1514 870 1597 ἐδέξατο
907 1513 1254 1591 Φίλιππος,
1288 1513 1453 1579 ὥστε
1487 1513 1643 1598 πρὸς
1679 1518 1808 1582 τοῖς
1838 1513 2061 1583 ἄλλοις
2088 1517 2244 1602 χρή-

374 1641 535 1696 μασι
563 1617 669 1682 καὶ
699 1615 875 1681 ἄλλα
903 1615 972 1680 ἐκ
1000 1619 1125 1681 τῶν
1153 1615 1393 1681 οἰκείων
1420 1620 1724 1702 παρεῖχεν
1753 1613 1974 1684 αὐτοῖς.
2028 1615 2243 1680 αἰσθό-

374 1740 553 1793 μενος
582 1713 650 1779 δὲ
675 1713 1037 1796 μελλόντων
1065 1713 1535 1797 πρεσβεύεσθαι
1564 1713 1720 1798 πρὸς
1749 1712 1936 1777 αὑτὸν
1963 1713 2242 1777 Φωκέων

377 1813 481 1878 καὶ
511 1814 852 1879 Θετταλῶν
881 1813 987 1877 καὶ
1016 1812 1336 1893 Θηβαίων,
1365 1810 1686 1892 ἐβουλήθη
1707 1810 1848 1879 τοὺς
1876 1809 2243 1891 Ἀθηναίους

378 1913 790 1996 ἐξαπατῆσαι.
880 1914 988 1979 καὶ
1031 1914 1260 1994 ταύτης
1302 1916 1412 1994 τῆς
1456 1913 1835 1999 προφάσεως
1865 1911 2243 1998 δραξάμενος

376 2013 724 2092 Φίλιππος,
773 2014 1073 2079 ἀπολύων
1113 2012 1576 2100 Ἀριστόδημον
1620 2013 1727 2079 καὶ
1773 2015 2240 2098 Νεοπτόλεμον,

376 2110 587 2193 ἔλενγεν
631 2112 839 2182 αὐτοῖς
881 2112 979 2179 ότι
1030 2113 1220 2199 φίλος
1266 2112 1392 2193 εἰμὶ
1437 2112 1809 2195 Ἀθηναίοις.
1897 2114 2135 2195 συνέβη
2177 2115 2243 2180 δὲ

375 2211 575 2277 πάλιν
622 2239 684 2278 τι
730 2218 1012 2279 τοιοῦτον
1057 2213 1370 2296 γενέσθαι.
1460 2213 1723 2299 Φρύνων
1767 2240 1862 2284 τις
1912 2214 2242 2297 Ἀθηναῖος

377 2319 576 2385 ἆπιῶν
603 2318 1072 2401 Ὀλυμπίασιν6
1102 2319 1612 2405 α’«γωνισόμενοςῆ
1644 2320 2033 2404 θεασόμενος,
2067 2325 2241 2411 ἐκρά-

376 2421 534 2500 τήθη
577 2419 699 2485 ὑπό
741 2448 927 2486 τινων
973 2425 1377 2507 στρατιωτῶν
1422 2424 1531 2487 τοῦ
1584 2423 1921 2495 Φιλίππου
1969 2425 2034 2490 ἐν
2087 2422 2239 2509 ἱερο-

375 2523 580 2610 μηνίᾳ,
620 2523 726 2587 καὶ
769 2522 1050 2608 ἀφῃρέθη
1094 2523 1304 2588 πάντα
1348 2523 1427 2588 τὰ
1463 2523 1668 2589 αὑτοῦ.
1758 2527 1863 2589 καὶ
1909 2524 2110 2590 ε’λθῶν
2153 2526 2237 2596 εἰς

375 2623 645 2705 Ἀθήνας
696 2626 1040 2711 παρεκάλει
1091 2626 1230 2697 τοὺς
1286 2625 1670 2706 Ἀθηναίους,
1734 2629 1833 2694 ἵνα
1889 2630 2242 2715 χειροτονή-

376 2752 581 2791 σωσιν
607 2727 794 2792 αὑτὸν
823 2728 1242 2812 πρεσβευτην,
1276 2728 1447 2798 ὅπως
1477 2727 1773 2795 ἀπελθὼν
1812 2732 1967 2816 πρὸς
2006 2730 2241 2797 Φίλιπ-

376 2852 498 2892 πον
539 2826 720 2911 λάβῃ
767 2827 928 2913 άπερ
976 2827 1277 2914 ἀφῃρέθη·
1338 2828 1444 2893 καὶ
1494 2829 1858 2899 πεισθέντες
1907 2829 2235 2911 Ἀθηναῖοι

377 2929 854 3016 ἐχειροτόνησαν
895 2928 1080 2994 αὑτὸν
1124 2930 1229 2994 καὶ
1276 2932 1727 3014 Κτησιφῶντα·
1782 2931 1887 2995 καὶ
1931 2932 2240 2998 ἐλθόντων

375 3032 578 3097 αὐτῶν
622 3031 708 3101 εἰς
759 3031 1159 3097 Μακεδονίαν
1205 3031 1603 3118 φιλοφρόνως
1648 3031 1868 3102 αὐτοὺς
1913 3033 2163 3116 ἐδέξατο
2209 3034 2241 3098 ὁ

377 3136 722 3211 Φίλιππος,
754 3133 917 3200 ὥστε
946 3135 1051 3199 καὶ
1080 3134 1161 3199 τιὶ
1191 3134 1609 3221 ἀφαιρεθέντα
1631 3135 1753 3200 ὕπὸ
1780 3139 1904 3200 τῶν
1933 3164 2239 3224 στρατιω-

376 3242 501 3304 τῶν
549 3238 761 3329 πάντα
799 3237 1140 3304 ἀποδοῦναι
1177 3236 1346 3323 αὐτῷ
1386 3239 1491 3303 καὶ
1526 3240 1596 3302 ἐκ
1630 3242 1755 3302 τῶν
1790 3238 2030 3304 οἰκείων
2068 3240 2243 3306 ἄλλα

372 3461 461 3504 am.
528 3455 838 3505 Emendavit
900 3457 1066 3504 Bran.
1187 3456 1256 3520 (3)
1360 3470 1535 3504 corum
1555 3453 1769 3516 Delphis
1784 3456 1937 3517 fuit,”
1955 3458 2238 3508 ScmEFER.

377 3520 646 3568 Semnan
672 3519 849 3568 laudat
869 3519 1134 3569 Demosth.
1157 3520 1256 3568 ΠΙ.
1423 3521 1533 3570 335.
1638 3521 1704 3581 (5)
1778 3523 2032 3572 “Rectius
2087 3523 2239 3573 ὅποι”

374 3583 599 3645 Philipp.
640 3598 688 3645 p.
722 3584 832 3643 119,
868 3586 930 3635 17
973 3586 997 3643 ἓ
1039 3585 1118 3635 32.
1188 3584 1255 3643 (4)
1360 3584 1575 3634 Scnmr.
1645 3584 1713 3647 (6)
1737 3585 2059 3644 Ὀλυμπιᾶσιν
2072 3588 2239 3637 Bmuz.

375 3650 617 3709 ἱδρυμένην
635 3647 770 3708 vulg.
789 3650 907 3696 ante
927 3647 1092 3695 anx.
1119 3653 1150 3676 ‘⁴
1169 3648 1257 3696 In·
1359 3649 1677 3706 Ὀλυμπίασιν
1694 3649 1857 3700 ΒΕΚΚ.
1888 3654 1955 3701 st.

374 3711 551 3772 tenige
590 3709 837 3772 quidquid
873 3725 1140 3761 ‚sacrorum
1158 3742 1160 3746 »
1181 3712 1260 3761 Ιο·.

1907 3813 2070 3873 1-2
