2667 4142
341 1133 455 1187 300

339 1947 447 2001 301

482 247 605 308 244
1097 245 1646 311 DEMOSTHEN
1651 245 1734 309 IS

479 400 645 485 φησὶ
687 398 754 464 δέ
793 426 868 482 ’γε
909 399 947 481 ἦ
991 401 1255 482 μαντεία
1301 400 1430 466 δεῖν
1476 399 1643 471 ὅπως
1687 401 1764 466 ἂν
1805 401 1891 483 μὴ
1936 399 2248 487 χαίρωσιν
2294 400 2354 465 οἱ
2373 433 2476 488 342

481 500 699 589 ἐχθροὶ
738 506 955 568 ποιεῖν.
1028 500 1236 567 ἅπασι
1274 502 1483 569 τοίνυν
1524 506 1638 590 μιᾷ
1680 503 1895 586 *γνώμῃ
1934 503 2352 586 παρακελεύε-

479 630 587 668 ται
610 605 918 683 ’κολάζειν
974 605 1116 675 τοὺς
1174 603 1642 691 ὑπηρετηκότας
1700 632 1764 670 τι
1822 610 1951 673 τοῖς
2008 605 2262 690 ἐχθροῖς
2320 603 2352 668 ό

480 704 650 784 Ζεύς,
698 703 736 788 ἦ
773 705 1001 785 Διώνη,
1042 704 1275 776 πάντες
1315 706 1378 771 οἱ
1414 708 1561 772 θεοί.
1639 707 1866 789 ἔξωθεν
1894 705 1958 770 οἱ
1981 703 2353 781 ἐπιβουλεύ-

480 831 667 882 οντες,
729 805 975 871 ἔνδοθεν
1034 806 1097 871 οἱ
1149 806 1684 889 συμπράττοντες.
1783 805 2001 870 οὐκοῦν
2043 810 2169 870 τῶν
2221 806 2353 869 ἐπι-

478 908 913 988 βουλευόντων
961 908 1077 991 ῥῗὲν
1116 909 1300 996 ἔργον
1346 909 1598 987 διδόναι,
1643 913 1765 974 τῶν
1809 906 2354 994 συμπραττόντων

481 1012 551 1077 δὲ
590 1014 949 1095 λαμβάνειν
991 1013 1098 1075 καὶ
1141 1011 1281 1082 τοὺς
1325 1012 1670 1094 εἰληφότας
1715 1011 2021 1091 ἐκσώζειν.
2109 1091 2114 1096 .

600 1113 749 1179 ’Έτι
793 1112 1002 1177 τοίνυν
1046 1111 1167 1176 κᾶν
1213 1111 1322 1177 ἀπ’
1372 1112 1769 1198 ἀνθρωπίνου
1818 1115 2133 1195 λονγισμοῧ
2183 1113 2350 1177 τοῦτ’
2375 1139 2473 1194 343

481 1214 602 1278 ἴδοι
631 1240 740 1288 τις,
781 1213 879 1278 ὅτι
921 1212 1177 1277 πάντων
1220 1212 1608 1300 ἐχθρότατον
1644 1214 1750 1277 καὶ
1794 1212 2242 1298 φοβερώτατον
2285 1215 2356 1278 τὸ

480 1316 586 1381 τὸν
631 1312 1074 1397 προεστηκότα
1124 1315 1235 1378 ε’ἃν
1285 1315 1511 1380 οἰκεῖον
1552 1316 1887 1397 «γίγνεσθαι
1930 1320 2057 1383 τοῖς
2100 1314 2189 1397 μὴ
2232 1316 2355 1379 τῶν

480 1418 684 1484 αὐτῶν
711 1417 1088 1498 ἐπιθυμοῦσι
1119 1419 1208 1503 τῷ
1245 1417 1431 1504 δήμῳ.
1494 1420 1628 1481 τίσι
1655 1418 1778 1503 «γὰρ
1809 1421 1933 1482 τῶν
1960 1416 2355 1504 πραγμάτων

481 1521 784 1604 ἐγκρατὴς
824 1521 1045 1603 «γέγονε
1087 1520 1421 1589 Φίλιππος
1449 1518 1767 1597 ἁπάντων,
1813 1519 1921 1584 καὶ
1963 1523 2096 1583 τίσι
2124 1518 2210 1583 τὰ
2247 1517 2353 1601 με’-

478 1648 675 1704 ·γιστα
705 1622 1157 1706 κατείργασται
1186 1624 1310 1684 τῶν
1338 1621 1817 1704 πεπραγμένων,
1849 1618 2213 1704 σκέψασθε.
2266 1621 2356 1704 τῷ

479 1723 657 1810 παρὰ
692 1726 815 1789 τῶν
851 1722 1235 1787 πωλούντων
1270 1721 1383 1792 τὰς
1419 1723 1680 1807 πράξεις
1719 1722 2031 1799 ὠνεῖσθαι,
2074 1726 2162 1807 τῷ
2214 1722 2353 1789 τοὺς

480 1824 954 1913 προεστηκότας
986 1824 1051 1888 ἐν
1080 1827 1216 1892 ταῖς
1245 1823 1481 1888 πόλεσι
1510 1823 1890 1910 διαφθείρειν
1918 1823 2025 1889 καὶ
2055 1823 2348 1908 ἐπαίρειν,

482 1926 737 1997 τούτοις.
811 1929 1011 1993 ταῦτα
1055 1925 1264 1991 τοίνυν
1309 1923 1407 2012 ἐφ’
1452 1924 1595 2009 ὑμῖν
1625 1927 1812 1991 ’ἐστιν
1858 1924 2199 2012 ἀμφότερα,
2247 1924 2352 1988 ε’ἀν
2372 1945 2476 2001 344

574 2131 598 2189 ξ
622 2128 732 2176 342.
800 2129 873 2175 ἀεὶ
894 2128 1013 2175 ante
1037 2129 1129 2176 δεῖν
1149 2126 1206 2175 F.
1234 2125 1294 2175 Y.
1322 2124 1381 2173 Ο.
1406 2127 1444 2174 t.
1469 2140 1520 2174 u.
1544 2141 1593 2175 v.
1617 2125 1753 2187 vulg.
1777 2127 1896 2175 ante
1918 2126 2085 2177 Bnmz.
2150 2125 2351 2175 Primus

476 2193 656 2241 Rnxsx.
695 2191 948 2239 intellexit
979 2193 1091 2240 AEI
1124 2192 1243 2238 ante
1276 2192 1386 2238 ΔΕΙ
1429 2190 2041 2250 irrepsisse—Aetnam
2073 2204 2102 2239 e
2139 2191 2345 2252 conject.

479 2255 686 2304 Canteri
739 2255 959 2303 TAYnon.
1038 2255 1138 2304 Sed
1180 2257 1313 2303 recte
1362 2253 1574 2303 Senum.
1622 2254 1833 2302 “Dione
1876 2254 1933 2302 in
1977 2255 2199 2302 oraculis
2241 2254 2354 2303 Jovi

475 2320 703 2381 jungitur
724 2319 880 2433 etigm
910 2334 961 2381 p.
986 2319 1096 2377 531,
1120 2320 1197 2380 20,
1228 2319 1369 2378 1487,
1396 2319 1442 2368 2.
1449 2317 1480 2341 ”
1544 2317 1655 2368 vid.
1683 2318 1880 2369 Buttm.
1903 2318 1970 2367 ad
1991 2319 2117 2367 Mid.
2139 2319 2350 2367 Excurs.

478 2398 546 2432 Π.
613 2402 777 2433 001(οΨ

572 2452 598 2509 5
621 2450 731 2498 343.
802 2449 1141 2510 ἐχθρότατον“
1153 2445 1447 2508 superlativi
1467 2445 1632 2493 forma
1651 2460 1833 2506 parum
1853 2446 2068 2507 probata
2084 2446 2348 2495 Atticietis.

476 2512 539 2561 V.
579 2511 764 2560 Moeris
807 2526 856 2573 p.
903 2511 1048 2561 1353’
1100 2510 1314 2560 Scnfflr.
1387 2509 1464 2557 Of.
1510 2509 1631 2557 Oed.
1679 2509 1792 2571 Tyr.
1841 2510 1981 2559 1346.
2052 2514 2351 2572 ἐχθροτέρους

477 2577 704 2625 Prooem.
727 2590 808 2623 ια..
843 2590 893 2637 p.
920 2576 1045 2625 1448
1068 2577 1119 2623 et
1142 2575 1214 2622 ibi
1238 2574 1436 2623 Schaei.
1506 2576 1791 2634 ἐχθροτέρως
1823 2574 1884 2622 de
1907 2575 2035 2623 Pace
2064 2589 2116 2635 p.
2141 2575 2203 2622 61
2226 2579 2252 2635 ς
2276 2576 2348 2621 18.

477 2641 704 2689 Damnat
727 2639 820 2688 Th.
847 2640 978 2700 Mag.
1000 2654 1049 2701 p.
1077 2640 1170 2687 401
1204 2642 1439 2699 ἔχθιστος,
1473 2641 1554 2686 οὐκ
1583 2640 1886 2699 ἐχθρότατος.
2019 2640 2229 2701 ἐπαίρειν
2250 2641 2348 2687 τού·

476 2724 585 2755 τους
605 2704 739 2752 libri.
805 2708 985 2753 τούτοις
1007 2718 1070 2751 ex
1097 2703 1227 2762 conj.
1258 2702 1438 2751 ansx.
1460 2703 1624 2750 Bnmx.
1652 2704 1723 2763 [et
1748 2704 1807 2750 st.
1815 2703 1835 2762 ]
1860 2703 1957 2751 En.
1988 2702 2169 2750 Tumo.
2193 2703 2342 2750 Dum.

478 2769 646 2817 Vomff.
692 2767 912 2816 Defendi
932 2767 1112 2827 nequit
1132 2767 1266 2826 vulg.
1291 2780 1414 2814 nam
1436 2769 1627 2815 τούτους
1648 2765 1713 2813 ad
1734 2765 2041 2814 Aeschinem
2064 2768 2114 2813 et
2137 2767 2350 2826 collegas

476 2833 527 2882 h.
551 2834 586 2881 1.
618 2834 790 2893 aperte
821 2846 927 2879 non
959 2832 1179 2892 spectat.
1213 2843 1306 2878 nec
1339 2832 1506 2891 potest
1540 2830 1604 2877 ad
1627 2832 1733 2879 τοὺς
1766 2832 2116 2892 προεστηκότας
2149 2830 2346 2878 referri:

476 2897 551 2945 ita
571 2896 710 2945 enim
733 2898 898 2945 αὐτοὺς
918 2895 1042 2957 poni
1063 2893 1382 2956 oportuit.

544 3069 697 3130 5342.
717 3069 838 3128 φησὶ
861 3067 912 3114 δέ
931 3083 1045 3126 γεκ.
1054 3082 1099 3111 τ.
1103 3065 1216 3125 J..]‘
1224 3063 1366 3112 ‘And
1468 3063 1671 3123 (bx-ibes)
1696 3064 1798 3111 and
1818 3078 1991 3112 rescue
2024 3064 2155 3112 from
2182 3066 2352 3113 com-ts

479 3137 633 3194 aqain
653 3132 743 3179 the
765 3130 927 3177 oraclo
950 3129 1063 3177 bids
1084 3140 1191 3189 you
1221 3143 1278 3176 eo
1310 3130 1365 3176 to
1464 3130 1518 3176 of
1545 3128 1727 3188 justice
1751 3128 1877 3176 such
1899 3142 1955 3176 ae
1977 3128 2106 3176 have
2126 3128 2352 3177 received

479 3201 561 3246 act
583 3197 698 3244 that
726 3209 852 3256 your
881 3192 1101 3241 enemies
1135 3207 1252 3253 may
1273 3194 1367 3240 not
1465 3191 1657 3240 them.’'
1722 3192 1902 3239 Notice
1934 3192 2023 3239 the
2060 3194 2350 3254 asyndeton.

480 3261 662 3323 rejoice
678 3258 909 3307 therein!
897 3258 925 3280 ’'
993 3257 1086 3306 See
1109 3271 1176 3304 on
1197 3260 1224 3316 ς
1251 3258 1359 3305 102.
1465 3256 1632 3304 which
1655 3255 1778 3304 adds
1800 3259 1854 3303 to
1878 3256 1965 3304 the
1988 3258 2208 3316 oratory.

479 3323 777 3383 -Διώνη]
813 3322 907 3370 See
940 3324 1068 3370 An‘n.
1113 3322 1237 3371 Grit.
1243 3348 1368 3358 -—--
1531 3324 1557 3379 ἓ
1583 3321 1692 3368 343.
1759 3323 1843 3369 τὸν
1857 3320 2208 3382 προεστηκότα]
2239 3319 2354 3369 Stil}

480 3390 647 3448 ἔξωθεν
669 3390 751 3435 οἱ..
761 3385 851 3449 .‘]
860 3385 1120 3432 ‘Without
1134 3398 1219 3432 are
1242 3385 1362 3442 foce,
1463 3385 1707 3444 referring
1758 3386 1814 3431 to
1866 3384 2113 3434 Eubulus.
2175 3385 2349 3445 Comp.

478 3451 660 3498 within
680 3451 886 3497 traitors
911 3450 1062 3509 (liter.
1086 3448 1233 3497 those
1254 3449 1366 3496 who
1466 3449 1591 3496 Mid.
1622 3463 1671 3509 p.
1708 3449 1801 3497 581
1838 3451 1864 3508 5
1904 3450 1995 3499 207
2036 3450 2234 3496 δύνασαι
2270 3452 2357 3508 μὲν

481 3514 656 3573 deeign
689 3513 890 3573 against
926 3527 1041 3573 you,
1069 3511 1216 3560 those
1252 3512 1366 3560 who
1465 3516 1541 3561 καὶ
1586 3513 1840 3561 πολιτεύει.
1972 3513 2086 3573 τῷ
2089 3515 2234 3592 παρὰ
2264 3515 2358 3560 τῶν

483 3590 568 3625 are
589 3576 722 3624 their
743 3575 1066 3636 coadjutore).
1132 3577 1183 3624 It
1205 3576 1252 3625 is
1274 3576 1365 3625 the
1471 3615 1587 3627 ......
1594 3578 1614 3637 ]
1686 3577 1779 3626 See
1832 3581 1858 3637 ξ
1914 3577 2021 3625 146.
2023 3574 2355 3640 --τοῦτοις]

482 3640 608 3699 duty
627 3639 754 3687 then
777 3639 838 3700 (is
859 3638 901 3685 it
923 3642 1012 3686 not
1021 3641 1059 3702 2)
1084 3640 1139 3687 of
1165 3640 1273 3688 foes
1310 3644 1366 3688 to
1468 3642 1588 3702 “By
1598 3641 1740 3689 these
1752 3654 1947 3700 meane,
1962 3640 2027 3701 by
2036 3639 2162 3689 such
2175 3654 2354 3691 means

483 3705 612 3764 give,
635 3701 737 3750 and
758 3702 811 3749 of
844 3701 1049 3750 traitors
1083 3704 1137 3751 to
1169 3704 1366 3753 receive
1466 3719 1523 3754 as
1544 3705 1704 3753 these.
1710 3703 1736 3728 '⁷
1790 3704 1883 3755 See
1904 3708 1930 3765 ς
1952 3707 2064 3756 337.
