2667 4142
16 886 49 967 ,Ἥ

800 217 920 280 DE
978 214 1261 281 FALSA
1315 215 1840 282 LEGATIONE.
2139 221 2257 284 121

384 372 750 453 πέμψασαν
791 372 984 438 πόλιν
1028 370 1367 461 τυγχάνειν
1396 370 1501 436 καὶ
1529 372 1674 440 τοὺς
1705 372 1775 437 ἐκ
1803 371 2032 451 ταύτης
2061 365 2258 452 πρέσ-

239 477 352 533 162
380 477 537 553 βεις,
558 476 732 561 εἴπερ
760 500 825 540 τι
853 478 978 540 τῶν
1006 473 1260 540 δικαίων
1291 474 1582 558 ἐγίγνετο.
1658 473 1753 538 ἔτι
1777 474 1983 540 τοίνυν
2011 473 2257 540 κάκεῖνο
2288 473 2399 541 148

385 577 745 663 σκέψασθε,
786 575 834 642 ὦ
866 576 1080 662 ἄνδρες
1123 575 1463 656 Ἀθηναῖοι.
1553 575 1763 661 πότερ’
1812 576 2018 641 οἴεσθε
2056 576 2258 642 πλέον

382 678 642 748 Φωκέας
682 677 989 759 Θηβαίων
1029 677 1067 757 ἢ
1114 676 1454 743 Φίλιππον
1497 676 1666 759 ὑμῶν
1713 683 1962 762 κρατεῖν
2008 681 2097 764 τῷ
2138 705 2256 744 πο·

374 779 593 863 λέμῳ;
661 778 783 861 ἐγώ
837 779 952 860 μὲν
999 777 1122 864 «γὰρ
1181 776 1246 842 εὖ
1297 777 1410 843 οἶδ’
1470 776 1567 842 ὅτι
1626 780 1868 847 Φωκεῖς
1928 777 2250 857 Θηβαίων.

380 880 555 969 εἶχόν
594 906 670 964 «γε
710 881 1102 967 Ὀρχομενὸν
1144 879 1251 943 καὶ
1297 879 1658 962 Κορώνειαν
1702 879 1809 943 καὶ
1847 877 1921 942 τὸ
1950 880 2251 963 Τιλφωσ-

380 987 579 1060 σαῖον,
632 981 738 1048 καὶ
784 982 926 1051 τοὺς
977 982 1043 1046 ἐν
1090 980 1347 1045 Νέωσιν
1390 979 1831 1066 ἀπειλήφεσαν
1874 978 2096 1060 αὐτῶν,
2141 981 2250 1046 καὶ

377 1188 477 1237 En.
517 1188 697 1241 Temo.
731 1188 885 1236 Dnm.
920 1186 1088 1235 Vomr.
1133 1185 1300 1233 anx.
1344 1185 1407 1234 st.
1480 1183 1581 1233 Sed
1617 1185 1741 1248 δῶρα
1780 1199 1811 1233 a
1833 1200 1901 1235 m.
1949 1200 2044 1235 sec.
2089 1185 2246 1236 habet

377 1266 555 1312 margo
600 1253 652 1301 S.
703 1254 754 1299 et
792 1250 1056 1299 verissime
1102 1248 1201 1311 (me
1231 1248 1436 1308 quidem
1478 1249 1664 1310 judice)
1710 1249 1901 1298 Buttm.
1957 1250 2074 1299 Ind.
2114 1251 2239 1301 Mid.

378 1319 528 1379 δωρεὰ,
565 1321 596 1344 “
612 1315 953 1363 honorificum
986 1327 1184 1373 semper
1209 1312 1554 1362 vocabulum.”
1637 1314 1758 1360 Post
1792 1316 2011 1374 ἐγίγνετο
2048 1314 2243 1364 addunt

376 1383 457 1427 νῦν
496 1382 548 1429 δὲ
585 1381 617 1439 ἡ
646 1382 732 1440 μὲν
765 1381 903 1428 πόλις
939 1379 1032 1426 τῶν
1065 1379 1208 1436 αὐτῆς
1241 1379 1522 1435 ἀφέστηκεν,
1548 1376 1681 1426 οὗτος
1713 1379 1764 1425 δὲ
1795 1382 2018 1439 χρήματα
2046 1383 2243 1440 εἴληφεν

372 1443 454 1491 Al.
476 1445 528 1491 k.
551 1459 592 1492 r.
622 1459 661 1492 s.
677 1444 858 1491 Rmsx.
925 1442 957 1490 J
959 1456 1043 1489 am
1064 1441 1335 1490 Um’mnus
1352 1441 1569 1501 legerat:
1604 1444 1653 1490 ἐν
1673 1445 1763 1489 τινὶ
1782 1445 1942 1503 βίβλῳ
1962 1445 2240 1504 ’γέγραπται

372 1511 525 1557 ταῦτα
579 1511 703 1566 μετὰ
753 1509 810 1556 τὸ
860 1508 1092 1566 ἐγίγνετο.
1158 1507 1238 1553 νῦν
1282 1508 1332 1553 δὲ
1341 1542 1454 1554 ......
1464 1507 1671 1567 εἴληφεν.
1743 1508 1855 1553 ἀλλ’
1906 1510 1995 1568 οὐχ
2033 1508 2239 1567 ἠγοῦμαι

370 1575 551 1633 γνήσια
574 1575 688 1620 εῖναι
720 1573 1054 1630 Δημοσθένους.
1117 1583 1214 1616 om.
1242 1568 1292 1618 S.
1316 1569 1374 1618 Y.
1407 1570 1465 1618 0.
1489 1571 1526 1618 t.
1550 1584 1601 1616 u.
1624 1585 1673 1618 v.
1708 1569 1961 1619 Editores.
2034 1572 2237 1620 “Haud

371 1635 537 1683 facilis
561 1636 699 1697 optio
724 1636 815 1698 (ait
840 1634 1096 1695 Seruum).
1166 1633 1239 1680 Ut
1260 1633 1401 1680 enim
1423 1648 1641 1694 versum,
1671 1633 1716 1681 si
1738 1634 1886 1691 absit,
1920 1649 2071 1682 nemo
2100 1635 2237 1694 quis-

371 1713 525 1759 quam
568 1699 808 1760 requirat,
853 1701 1028 1745 tamen
1072 1696 1254 1745 Orator
1289 1711 1418 1758 quae
1459 1697 1716 1759 imprimis
1752 1700 1903 1758 urget
1937 1699 2235 1748 elocutionis

370 1764 632 1812 schemata.
651 1763 854 1811 varians
876 1762 1057 1809 iterare
1079 1761 1220 1809 solet.
1228 1759 1254 1786 ’'

466 1827 626 1888 3162.
698 1829 916 1875 δικασταὶ
963 1825 1072 1889 (pro
1118 1826 1376 1885 Ἀθηναῖοι)
1432 1824 1483 1874 S.
1506 1825 1567 1874 Y.
1595 1827 1646 1873 et
1681 1844 1760 1888 Ὑρ.
1805 1825 1864 1874 F.
1908 1826 2007 1875 En.
2049 1827 2230 1876 TURIG.

368 1891 524 1941 Dum.
565 1892 734 1940 Vomr.
774 1891 940 1939 Bmm.
985 1893 1046 1937 st.
1179 1892 1307 1949 ετχον
1340 1891 1427 1947 μὲν
1458 1892 1554 1952 γὰρ
1585 1889 1640 1938 F.
1668 1890 1744 1939 A2.
1816 1894 1903 1949 μέν
1922 1911 1982 1952 γε
2001 1892 2051 1940 k.
2068 1906 2111 1942 r.
2145 1891 2225 1942 Al.

367 1958 466 2017 γὰρ
487 1955 547 2004 Y.
573 1956 631 2017 Q.
657 1955 716 2004 Ο.
739 1956 777 2004 t.
806 1969 858 2002 u.
878 1969 925 2001 v.
950 1955 1001 2001 et
1021 1953 1156 2013 vulg.
1182 1957 1300 2001 ante
1321 1953 1505 2001 Rmsss.
1535 1953 1640 2017 (qui
1669 1957 1754 2014 μὲν
1785 1958 1914 2016 γάρ).
1957 1975 2019 2018 γε
2050 1955 2099 2004 S.

370 2021 673 2079 Τιλφώσαιον
716 2019 774 2067 F.
815 2018 867 2067 S.
903 2018 961 2078 Q.
994 2018 1056 2065 Β.
1122 2019 1426 2078 Τιλφωσαῖον
1453 2017 1502 2064 k.
1538 2032 1577 2066 r.
1613 2032 1653 2065 s.
1686 2018 1768 2066 A¹.
1834 2022 2113 2078 Τιλφίσαιον
2149 2021 2231 2068 ΑΒ.

367 2083 563 2132 Eadem
586 2083 855 2131 diversitas
877 2096 1009 2143 supr.
1031 2085 1056 2141 ἓ
1080 2082 1186 2129 154.
2218 2121 2231 2134 .

368 2149 587 2196 έννεωσιν
621 2147 729 2211 (sic)
756 2147 816 2194 B.
886 2163 1156 2194 εννεωσινας
1179 2147 1443 2206 εἰλήφεσαν
1481 2161 1553 2206 pr.
1594 2146 1673 2193 Al.
1742 2146 1978 2196 Ceterum
2008 2150 2143 2200 Νέων
2181 2156 2232 2200 et

368 2212 551 2261 Νέωνες
588 2224 744 2271 aeque
787 2212 1100 2270 usurpantur
1141 2208 1569 2269 quemadmodum
1613 2210 1839 2259 Πλάταια
1882 2214 1934 2260 et
1971 2216 2229 2265 Πλαταιαί.

366 2275 559 2323 Herod.
581 2288 693 2324 V111.
722 2275 784 2323 32
803 2278 925 2322 κατὰ
946 2274 1115 2321 Νέωνα
1137 2276 1289 2332 πόλιν,
1318 2275 1369 2320 et
1391 2275 1471 2321 33.
1537 2274 1685 2323 Paus.
1716 2290 1762 2321 x.
1801 2276 1847 2333 2,
1883 2277 1931 2337 4,
1968 2291 2014 2326 x.
2062 2281 2141 2336 32,
2183 2283 2231 2338 9,

366 2338 447 2387 bis
473 2340 782 2400 singularem
803 2338 1024 2385 formam
1044 2337 1251 2398 praebet
1282 2337 1327 2384 N
1332 2338 1455 2385 εῶνα
1496 2337 1585 2399 (sic
1607 2337 1784 2400 Bekk.)
1811 2341 1866 2387 at
1886 2340 2022 2388 idem
2056 2357 2103 2391 x.
2129 2346 2176 2401 3,
2201 2347 2231 2392 2

374 2405 575 2453 Νεῶνας.
648 2403 893 2463 Harpocr.
945 2402 1105 2450 Νεῶσι
1142 2400 1274 2463 (sic):
1332 2404 1633 2460 Δημοσθένης
1672 2403 1774 2450 κατ’
1816 2406 2056 2464 Αἰσχίνου.
2094 2410 2232 2458 πόλις

368 2470 496 2516 ἐστιν
526 2471 577 2516 έν
606 2469 671 2527 τῇ
694 2469 881 2522 Φωκίδι,
917 2465 978 2525 ἦν
1006 2465 1259 2527 Ἡρόδοτος
1289 2467 1376 2523 μὲν
1408 2468 1456 2514 ἐν
1488 2467 1634 2526 ὀγδόῃ
1667 2467 1834 2516 Νεῶνα
1859 2468 1966 2532 (sic)
1993 2472 2226 2536 ὀνομάζει,

367 2532 647 2592 Ἀνδροτίων
671 2530 967 2593 [discipulus
990 2528 1244 2587 Isocratis,
1273 2531 1448 2577 contra
1480 2544 1633 2589 quem
1662 2533 1799 2578 extat
1824 2533 2000 2581 Nostri
2037 2534 2227 2594 Oratim

366 2595 447 2643 uti
478 2596 664 2643 diserte
687 2594 908 2642 ostendit
940 2594 1088 2641 Auct.
1124 2592 1227 2640 Vit.
1258 2593 1469 2641 Isocrat.
1500 2607 1551 2654 p.
1578 2608 1646 2644 11.
1685 2596 1715 2642 8
1738 2595 1912 2658 Dind.]
1952 2599 1991 2646 δ’
2032 2601 2082 2647 ἐν
2116 2603 2231 2662 ἕκτῃ

365 2660 580 2710 Ἀτθίδος
615 2659 819 2708 Νεῶνας.
896 2658 1092 2705 Eadem
1125 2657 1231 2704 fere
1269 2656 1451 2706 Suidas
1495 2659 1546 2706 et
1589 2658 1803 2706 Photius
1838 2660 2000 2721 (Phot.
2050 2664 2096 2710 N
2099 2667 2229 2724 έωσι,

365 2727 548 2785 Νεῶνα,
576 2723 666 2772 sed
687 2724 912 2783 Νεῶνας).
977 2722 1116 2770 Νέων
1138 2720 1313 2782 Steph.
1335 2722 1459 2783 Byz.
1509 2722 1555 2769 Ν
1560 2723 1679 2771 εῶνα
1702 2723 1865 2773 Stra-b.
1892 2739 1960 2774 lx.
1987 2727 2081 2778 670
2106 2729 2157 2781 C.

1319 2084 1584 2130 έννεωσίνας
1605 2094 1647 2130 r.
1696 2085 1959 2134 έννεώσινας
1980 2085 2029 2132 k.
2056 2093 2128 2134 em.
2150 2094 2216 2145 nm

424 2924 536 2973 387.
558 2920 584 2978 ἕ
604 2921 710 2970 162.
782 2921 890 2968 τοὺς
911 2921 961 2967 ἐν
973 2917 1243 2979 Νέωσιν...]

359 2985 545 3034 Reiske
588 2984 723 3045 gives
753 2985 852 3031 two
892 2982 1242 3039 translations,

360 3048 626 3108 according
660 3062 717 3096 as
756 3047 910 3096 αὐτῶν
933 3061 990 3094 or
1013 3047 1166 3096 αὐτῶν
1197 3045 1244 3093 is

361 3114 449 3162 the
478 3112 720 3172 reading:
756 3116 789 3139 ‘⁴
808 3110 1092 3159 Phocenses
1129 3124 1241 3170 par-

359 3181 466 3226 tem
480 3177 742 3238 copiarum
766 3174 1121 3223 Thebanarum
1144 3172 1243 3234 (αὐ-

358 3243 472 3303 τῶν)
529 3239 665 3301 apud
710 3240 912 3286 Neonas
967 3238 1242 3298 intercepe-

358 3307 488 3366 rant,
528 3303 862 3362 absciderant,
897 3301 1242 3350 circumvalla-

358 3370 535 3418 verant
547 3368 593 3417 :”
612 3382 669 3415 or
684 3370 720 3393 ‘⁴
733 3365 1017 3415 Phocenses
1031 3364 1243 3426 juvenes

359 3447 477 3481 suos
536 3431 732 3492 (αὐτῶν)
801 3431 1236 3490 recuperaverant,

358 3510 485 3558 quos
507 3495 740 3545 Thebani
773 3493 909 3554 apud
928 3494 1128 3541 Neonas
1160 3493 1239 3540 in-

357 3558 716 3622 terceperant.”
781 3558 832 3604 It
848 3557 893 3604 is
911 3557 1112 3617 strange
1128 3556 1241 3605 that

356 3623 422 3672 he
442 3624 636 3686 prefers
659 3620 748 3670 the
768 3621 933 3670 latter.
1005 3620 1033 3667 I
1055 3623 1242 3669 cannot

357 3687 546 3737 believe
566 3686 684 3735 that
696 3686 1028 3747 ἀπειλήφεσαν
1039 3683 1099 3733 in
1115 3684 1240 3734 such

1342 2932 1374 2966 a
1397 2920 1598 2968 context
1620 2920 1769 2970 could
1792 2921 1921 2971 have
1959 2923 2047 2972 the
2082 2939 2228 2976 sense

1343 2983 1397 3029 of
1407 2995 1829 3045 recuperaverant.
1855 2986 2050 3039 Transl.
2072 2991 2229 3040 “And

1344 3045 1459 3094 that
1503 3047 1633 3109 body
1671 3049 1728 3096 of
1770 3050 1861 3098 the
1899 3051 2136 3101 Thebans
2171 3058 2227 3103 at

1346 3110 1490 3157 Neon
1513 3111 1636 3173 they
1656 3112 1760 3161 had
1792 3115 1913 3163 shut
1934 3117 2115 3164 within
2136 3118 2225 3168 the

1342 3174 1495 3248 walls.
1506 3173 1532 3196 ’'
1567 3176 1865 3238 Harpocrat.
1890 3182 2227 3240 Τιλφώσσαιον

1346 3238 1477 3298 (ειο)ε
1510 3241 1810 3300 Δημοσθένης
1844 3244 1950 3291 κατ’
1980 3248 2223 3306 Αἰσχίνου·

1343 3302 1445 3362 ὄρος
1469 3304 1570 3351 ἐστὶ
1593 3309 1755 3364 μικρὸν
1768 3306 1952 3366 ἀπέχον
1965 3312 2049 3369 τῆς
2062 3312 2228 3370 λίμνης

1340 3368 1425 3424 τῆς
1461 3368 1716 3417 Κωπαΐδος
1758 3370 1816 3420 ὥς
1853 3373 2132 3431 Θεόπομπος
2175 3379 2225 3425 έν

1341 3431 1440 3478 τοῖς
1483 3433 1797 3482 Φιλιππικοῖς.
1873 3435 2047 3497 Steph.
2095 3438 2218 3499 Byz.

1343 3495 1680 3554 Τιλφωσσαῖον
1715 3498 1853 3561 (sic):
1899 3505 2072 3562 χωρίον
2106 3505 2221 3553 Θετ-

1342 3561 1525 3608 ταλίας.
1593 3560 1810 3611 Pausan.
1862 3576 1928 3613 rx.
1974 3566 2052 3614 33.
2100 3568 2128 3613 1
2166 3572 2222 3617 τὸ

1341 3621 1447 3683 ὄρος
1461 3625 1516 3671 τὸ
1529 3625 1812 3684 Τιλφούσιον
1819 3627 1926 3691 (sic)
1940 3628 2041 3676 and
2053 3629 2218 3680 Strab.

1338 3699 1408 3736 11.
1455 3701 1505 3748 p.
1555 3688 1649 3737 630
1691 3689 1738 3737 A
1784 3691 1908 3739 calls
1960 3691 2049 3740 the
2093 3700 2220 3743 town
