<?xml version="1.0" encoding="UTF-8"?>
<!DOCTYPE html PUBLIC "-//W3C//DTD XHTML 1.0 Transitional//EN"
    "http://www.w3.org/TR/xhtml1/DTD/xhtml1-transitional.dtd">
<html xmlns="http://www.w3.org/1999/xhtml" xml:lang="en" lang="en">
 <head>
  <title>
</title>
<meta http-equiv="Content-Type" content="text/html;charset=utf-8" />
  <meta name='ocr-system' content='tesseract 3.04.00' />
  <meta name='ocr-capabilities' content='ocr_page ocr_carea ocr_par ocr_line ocrx_word'/>
</head>
<body>
  <div class='ocr_page' id='page_1' title='image "./demosthenisdefa02shilgoog_0154.png"; bbox 0 0 2667 4142; ppageno 0'>
   <div class='ocr_carea' id='block_1_1' title="bbox 2191 11 2667 209">
    <p class='ocr_par' dir='ltr' id='par_1_1' title="bbox 2191 11 2667 209">
     <span class='ocr_line' id='line_1_1' title="bbox 2191 11 2667 209; baseline 0 -28"><span class='ocrx_word' id='word_1_1' title='bbox 2191 11 2667 209; x_wconf 62' lang='lat'>¹·-</span> 
     </span>
    </p>
   </div>
   <div class='ocr_carea' id='block_1_2' title="bbox 273 341 2442 1550">
    <p class='ocr_par' dir='ltr' id='par_1_2' title="bbox 273 341 2442 1550">
     <span class='ocr_line' id='line_1_2' title="bbox 423 341 2442 430; baseline 0.002 -22"><span class='ocrx_word' id='word_1_2' title='bbox 423 341 577 428; x_wconf 85' lang='grc' dir='ltr'>παρ’</span> <span class='ocrx_word' id='word_1_3' title='bbox 612 341 798 424; x_wconf 78' lang='grc' dir='ltr'>ὑμῶν,</span> <span class='ocrx_word' id='word_1_4' title='bbox 830 342 982 430; x_wconf 87' lang='grc' dir='ltr'>παρ’</span> <span class='ocrx_word' id='word_1_5' title='bbox 1013 344 1297 427; x_wconf 73' lang='grc' dir='ltr'>οὐδεμιᾶς</span> <span class='ocrx_word' id='word_1_6' title='bbox 1332 346 1594 425; x_wconf 84' lang='grc' dir='ltr'>πόλεως,</span> <span class='ocrx_word' id='word_1_7' title='bbox 1623 344 1751 411; x_wconf 82' lang='grc' dir='ltr'>οὔθ’</span> <span class='ocrx_word' id='word_1_8' title='bbox 1784 344 1885 412; x_wconf 66' lang='grc' dir='ltr'>’ὅτε</span> <span class='ocrx_word' id='word_1_9' title='bbox 1921 346 2122 412; x_wconf 81' lang='grc' dir='ltr'>ἐκεῖσε</span> <span class='ocrx_word' id='word_1_10' title='bbox 2151 347 2295 414; x_wconf 85' lang='grc' dir='ltr'>ἐπο-</span> <span class='ocrx_word' id='word_1_11' title='bbox 2326 365 2442 425; x_wconf 88' lang='lat'>175</span> 
     </span>
     <span class='ocr_line' id='line_1_3' title="bbox 420 443 2292 535; baseline 0.005 -28"><span class='ocrx_word' id='word_1_12' title='bbox 420 443 675 530; x_wconf 83' lang='grc' dir='ltr'>ρεύοντο</span> <span class='ocrx_word' id='word_1_13' title='bbox 726 443 855 510; x_wconf 82' lang='grc' dir='ltr'>οὔθ’</span> <span class='ocrx_word' id='word_1_14' title='bbox 903 443 992 511; x_wconf 77' lang='grc' dir='ltr'>ὅτ’</span> <span class='ocrx_word' id='word_1_15' title='bbox 1046 447 1277 512; x_wconf 89' lang='grc' dir='ltr'>ἐκεῖθεν</span> <span class='ocrx_word' id='word_1_16' title='bbox 1327 446 1525 529; x_wconf 88' lang='grc' dir='ltr'>δεῦρο,</span> <span class='ocrx_word' id='word_1_17' title='bbox 1578 448 1718 517; x_wconf 78' lang='grc' dir='ltr'>τοὺς</span> <span class='ocrx_word' id='word_1_18' title='bbox 1767 447 1982 535; x_wconf 73' lang='grc' dir='ltr'>ὅρκους</span> <span class='ocrx_word' id='word_1_19' title='bbox 2033 448 2292 531; x_wconf 81' lang='grc' dir='ltr'>ἔλαβον,</span> 
     </span>
     <span class='ocr_line' id='line_1_4' title="bbox 422 542 2294 636; baseline 0.005 -28"><span class='ocrx_word' id='word_1_20' title='bbox 422 542 572 609; x_wconf 82' lang='grc' dir='ltr'>ἀλλ’</span> <span class='ocrx_word' id='word_1_21' title='bbox 601 545 668 609; x_wconf 89' lang='grc' dir='ltr'>ἐν</span> <span class='ocrx_word' id='word_1_22' title='bbox 695 549 786 632; x_wconf 77' lang='grc' dir='ltr'>τῷ</span> <span class='ocrx_word' id='word_1_23' title='bbox 812 546 1160 633; x_wconf 73' lang='grc' dir='ltr'>πανδοκείῳ</span> <span class='ocrx_word' id='word_1_24' title='bbox 1191 550 1282 635; x_wconf 77' lang='grc' dir='ltr'>τῷ</span> <span class='ocrx_word' id='word_1_25' title='bbox 1318 548 1446 633; x_wconf 86' lang='grc' dir='ltr'>πρὸ</span> <span class='ocrx_word' id='word_1_26' title='bbox 1471 554 1583 615; x_wconf 85' lang='grc' dir='ltr'>τοῦ</span> <span class='ocrx_word' id='word_1_27' title='bbox 1616 550 2062 636; x_wconf 85' lang='grc' dir='ltr'>Διοσκουρείου</span> <span class='ocrx_word' id='word_1_28' title='bbox 2093 551 2176 634; x_wconf 83' lang='grc' dir='ltr'>(εἴ</span> <span class='ocrx_word' id='word_1_29' title='bbox 2199 578 2294 623; x_wconf 89' lang='grc' dir='ltr'>τις</span> 
     </span>
     <span class='ocr_line' id='line_1_5' title="bbox 418 643 2292 731; baseline 0.004 -21"><span class='ocrx_word' id='word_1_30' title='bbox 418 643 594 725; x_wconf 79' lang='grc' dir='ltr'>ὑμῶν</span> <span class='ocrx_word' id='word_1_31' title='bbox 616 647 701 716; x_wconf 76' lang='grc' dir='ltr'>εἰς</span> <span class='ocrx_word' id='word_1_32' title='bbox 719 645 926 730; x_wconf 81' lang='grc' dir='ltr'>Φερὰς</span> <span class='ocrx_word' id='word_1_33' title='bbox 946 646 1228 731; x_wconf 80' lang='grc' dir='ltr'>ἀφῖκται,</span> <span class='ocrx_word' id='word_1_34' title='bbox 1246 646 1408 714; x_wconf 83' lang='grc' dir='ltr'>οἶδεν</span> <span class='ocrx_word' id='word_1_35' title='bbox 1431 646 1463 712; x_wconf 77' lang='grc' dir='ltr'>ὃ</span> <span class='ocrx_word' id='word_1_36' title='bbox 1482 650 1698 731; x_wconf 71' lang='grc' dir='ltr'>λέγω),</span> <span class='ocrx_word' id='word_1_37' title='bbox 1719 649 1957 715; x_wconf 85' lang='grc' dir='ltr'>ἐνταῦθ’</span> <span class='ocrx_word' id='word_1_38' title='bbox 1976 651 2292 731; x_wconf 65' lang='grc' dir='ltr'>ἐγίγνοντο</span> 
     </span>
     <span class='ocr_line' id='line_1_6' title="bbox 421 747 2292 838; baseline 0.003 -25"><span class='ocrx_word' id='word_1_39' title='bbox 421 747 487 814; x_wconf 82' lang='grc' dir='ltr'>οἷ</span> <span class='ocrx_word' id='word_1_40' title='bbox 524 748 711 836; x_wconf 77' lang='grc' dir='ltr'>ὅρκοι,</span> <span class='ocrx_word' id='word_1_41' title='bbox 742 749 845 814; x_wconf 76' lang='grc' dir='ltr'>ὅτε</span> <span class='ocrx_word' id='word_1_42' title='bbox 882 749 1041 836; x_wconf 85' lang='grc' dir='ltr'>δεῦρ’</span> <span class='ocrx_word' id='word_1_43' title='bbox 1074 750 1192 830; x_wconf 85' lang='grc' dir='ltr'>ἤδη</span> <span class='ocrx_word' id='word_1_44' title='bbox 1232 751 1306 816; x_wconf 86' lang='grc' dir='ltr'>τὸ</span> <span class='ocrx_word' id='word_1_45' title='bbox 1334 751 1669 838; x_wconf 82' lang='grc' dir='ltr'>στράτευμ’</span> <span class='ocrx_word' id='word_1_46' title='bbox 1700 751 1870 835; x_wconf 62' lang='grc' dir='ltr'>ἅτγων</span> <span class='ocrx_word' id='word_1_47' title='bbox 1900 752 2147 832; x_wconf 85' lang='grc' dir='ltr'>ἐβάδιζε</span> <span class='ocrx_word' id='word_1_48' title='bbox 2176 753 2292 818; x_wconf 84' lang='grc' dir='ltr'>Φί-</span> 
     </span>
     <span class='ocr_line' id='line_1_7' title="bbox 273 850 2292 940; baseline 0.004 -28"><span class='ocrx_word' id='word_1_49' title='bbox 273 855 388 920; x_wconf 81' lang='grc' dir='ltr'>39Ῑ</span> <span class='ocrx_word' id='word_1_50' title='bbox 421 858 678 928; x_wconf 85' lang='grc' dir='ltr'>λιππος,</span> <span class='ocrx_word' id='word_1_51' title='bbox 740 850 1024 938; x_wconf 77' lang='grc' dir='ltr'>αἰσχρῶς</span> <span class='ocrx_word' id='word_1_52' title='bbox 1081 852 1130 916; x_wconf 83' lang='grc' dir='ltr'><strong><em>ὦ</em></strong></span> <span class='ocrx_word' id='word_1_53' title='bbox 1188 852 1406 940; x_wconf 79' lang='grc' dir='ltr'>ἄνδρες</span> <span class='ocrx_word' id='word_1_54' title='bbox 1440 852 1454 937; x_wconf 78' lang='grc' dir='ltr'>Ι</span> <span class='ocrx_word' id='word_1_55' title='bbox 1490 853 1812 934; x_wconf 87' lang='grc' dir='ltr'>Ἀθηναῖοι</span> <span class='ocrx_word' id='word_1_56' title='bbox 1868 854 1974 919; x_wconf 84' lang='grc' dir='ltr'>καὶ</span> <span class='ocrx_word' id='word_1_57' title='bbox 2029 852 2292 939; x_wconf 81' lang='grc' dir='ltr'>ἀναξίως</span> 
     </span>
     <span class='ocr_line' id='line_1_8' title="bbox 286 951 2289 1038; baseline 0.004 -23"><span class='ocrx_word' id='word_1_58' title='bbox 286 965 395 1025; x_wconf 85' lang='lat'>159</span> <span class='ocrx_word' id='word_1_59' title='bbox 423 951 608 1034; x_wconf 82' lang='grc' dir='ltr'>ὑμῶν.</span> <span class='ocrx_word' id='word_1_60' title='bbox 698 954 904 1018; x_wconf 88' lang='grc' dir='ltr'>καίτοι</span> <span class='ocrx_word' id='word_1_61' title='bbox 932 959 1118 1019; x_wconf 79' lang='grc' dir='ltr'>τοῦτο</span> <span class='ocrx_word' id='word_1_62' title='bbox 1148 957 1478 1025; x_wconf 72' lang='grc' dir='ltr'>Φίλιππος</span> <span class='ocrx_word' id='word_1_63' title='bbox 1507 955 1801 1020; x_wconf 79' lang='grc' dir='ltr'>ἁπάντων</span> <span class='ocrx_word' id='word_1_64' title='bbox 1835 955 1911 1020; x_wconf 79' lang='grc' dir='ltr'>ἂν</span> <span class='ocrx_word' id='word_1_65' title='bbox 1948 957 2289 1038; x_wconf 85' lang='grc' dir='ltr'>ἐτιμήσατο</span> 
     </span>
     <span class='ocr_line' id='line_1_9' title="bbox 417 1054 2431 1143; baseline 0.003 -27"><span class='ocrx_word' id='word_1_66' title='bbox 417 1055 731 1118; x_wconf 80' lang='grc' dir='ltr'>πλείστου</span> <span class='ocrx_word' id='word_1_67' title='bbox 774 1058 996 1119; x_wconf 86' lang='grc' dir='ltr'>τοῦτον</span> <span class='ocrx_word' id='word_1_68' title='bbox 1034 1054 1144 1120; x_wconf 83' lang='grc' dir='ltr'>τὸν</span> <span class='ocrx_word' id='word_1_69' title='bbox 1179 1056 1414 1141; x_wconf 86' lang='grc' dir='ltr'>τρόπον</span> <span class='ocrx_word' id='word_1_70' title='bbox 1451 1056 1831 1142; x_wconf 83' lang='grc' dir='ltr'>πραχθῆναι.</span> <span class='ocrx_word' id='word_1_71' title='bbox 1872 1090 1881 1100; x_wconf 85' lang='grc'><em>·</em></span> <span class='ocrx_word' id='word_1_72' title='bbox 1917 1055 2032 1135; x_wconf 88' lang='grc' dir='ltr'>τήν</span> <span class='ocrx_word' id='word_1_73' title='bbox 2069 1083 2139 1123; x_wconf 91' lang='grc' dir='ltr'>τε</span> <span class='ocrx_word' id='word_1_74' title='bbox 2164 1057 2288 1143; x_wconf 61' lang='grc' dir='ltr'>«γὰρ</span> <span class='ocrx_word' id='word_1_75' title='bbox 2317 1067 2431 1136; x_wconf 88' lang='lat'>176</span> 
     </span>
     <span class='ocr_line' id='line_1_10' title="bbox 418 1151 2289 1244; baseline 0.005 -28"><span class='ocrx_word' id='word_1_76' title='bbox 418 1151 665 1235; x_wconf 85' lang='grc' dir='ltr'>εἰρήνην</span> <span class='ocrx_word' id='word_1_77' title='bbox 720 1154 866 1241; x_wconf 77' lang='grc' dir='ltr'>οὐχὶ</span> <span class='ocrx_word' id='word_1_78' title='bbox 934 1153 1317 1234; x_wconf 83' lang='grc' dir='ltr'>δυνηθέντων</span> <span class='ocrx_word' id='word_1_79' title='bbox 1374 1155 1454 1225; x_wconf 75' lang='grc' dir='ltr'>ὥς</span> <span class='ocrx_word' id='word_1_80' title='bbox 1512 1159 1933 1244; x_wconf 85' lang='grc' dir='ltr'>ἐπεχείρησαν</span> <span class='ocrx_word' id='word_1_81' title='bbox 1988 1157 2159 1223; x_wconf 86' lang='grc' dir='ltr'>οὗτοι</span> <span class='ocrx_word' id='word_1_82' title='bbox 2214 1161 2289 1225; x_wconf 82' lang='grc' dir='ltr'>τὸ</span> 
     </span>
     <span class='ocr_line' id='line_1_11' title="bbox 415 1256 2284 1346; baseline 0.003 -27"><span class='ocrx_word' id='word_1_83' title='bbox 415 1257 668 1340; x_wconf 85' lang='grc' dir='ltr'>πρῶτον</span> <span class='ocrx_word' id='word_1_84' title='bbox 709 1256 913 1335; x_wconf 84' lang='grc' dir='ltr'>πλὴν</span> <span class='ocrx_word' id='word_1_85' title='bbox 960 1256 1238 1323; x_wconf 70' lang='grc' dir='ltr'>“Αλ.έων</span> <span class='ocrx_word' id='word_1_86' title='bbox 1289 1259 1417 1323; x_wconf 88' lang='grc' dir='ltr'>καὶ</span> <span class='ocrx_word' id='word_1_87' title='bbox 1460 1259 1774 1324; x_wconf 85' lang='grc' dir='ltr'>Φωκέων</span> <span class='ocrx_word' id='word_1_88' title='bbox 1815 1258 2088 1346; x_wconf 66' lang='grc' dir='ltr'>«γράψαι,</span> <span class='ocrx_word' id='word_1_89' title='bbox 2136 1260 2284 1325; x_wconf 82' lang='grc' dir='ltr'>ἀλλ’</span> 
     </span>
     <span class='ocr_line' id='line_1_12' title="bbox 417 1355 2287 1448; baseline 0.005 -29"><span class='ocrx_word' id='word_1_90' title='bbox 417 1355 919 1439; x_wconf 63' lang='grc' dir='ltr'>ἀναγκασθέντος</span> <span class='ocrx_word' id='word_1_91' title='bbox 961 1357 1066 1442; x_wconf 81' lang='grc' dir='ltr'>ὑφ’</span> <span class='ocrx_word' id='word_1_92' title='bbox 1097 1358 1266 1443; x_wconf 79' lang='grc' dir='ltr'>ὑμῶν</span> <span class='ocrx_word' id='word_1_93' title='bbox 1308 1365 1422 1426; x_wconf 84' lang='grc' dir='ltr'>τοῦ</span> <span class='ocrx_word' id='word_1_94' title='bbox 1463 1363 1894 1448; x_wconf 82' lang='grc' dir='ltr'>Φιλοκράτους</span> <span class='ocrx_word' id='word_1_95' title='bbox 1932 1367 2134 1427; x_wconf 86' lang='grc' dir='ltr'>ταῦτα</span> <span class='ocrx_word' id='word_1_96' title='bbox 2168 1363 2287 1445; x_wconf 88' lang='grc' dir='ltr'>μὲν</span> 
     </span>
     <span class='ocr_line' id='line_1_13' title="bbox 416 1459 2285 1550; baseline 0.004 -26"><span class='ocrx_word' id='word_1_97' title='bbox 416 1459 783 1547; x_wconf 71' lang='grc' dir='ltr'>ἀπαλεῖψαι</span> <span class='ocrx_word' id='word_1_98' title='bbox 830 1461 1089 1548; x_wconf 66' lang='grc' dir='ltr'>’γράψαι</span> <span class='ocrx_word' id='word_1_99' title='bbox 1139 1462 1191 1526; x_wconf 84' lang='grc' dir='ltr'>δ’</span> <span class='ocrx_word' id='word_1_100' title='bbox 1240 1463 1531 1550; x_wconf 84' lang='grc' dir='ltr'>ἄντικρυς</span> <span class='ocrx_word' id='word_1_101' title='bbox 1578 1462 1948 1543; x_wconf 84' lang='grc' dir='ltr'>Ἀθηναίους</span> <span class='ocrx_word' id='word_1_102' title='bbox 1992 1465 2100 1530; x_wconf 86' lang='grc' dir='ltr'>καὶ</span> <span class='ocrx_word' id='word_1_103' title='bbox 2143 1464 2285 1536; x_wconf 78' lang='grc' dir='ltr'>τοὺς</span> 
     </span>
    </p>
   </div>
   <div class='ocr_carea' id='block_1_3' title="bbox 2190 10 2191 210">
    <p class='ocr_par' dir='ltr' id='par_1_3' title="bbox 2190 10 2191 210">
     <span class='ocr_line' id='line_1_14' title="bbox 2190 10 2191 210; baseline 0 3932"><span class='ocrx_word' id='word_1_104' title='bbox 2190 10 2191 210; x_wconf 95' lang='lat' dir='ltr'> </span> 
     </span>
    </p>
   </div>
   <div class='ocr_carea' id='block_1_4' title="bbox 426 190 1683 258">
    <p class='ocr_par' dir='ltr' id='par_1_4' title="bbox 426 190 1683 258">
     <span class='ocr_line' id='line_1_15' title="bbox 426 190 1683 258; baseline 0.003 -4"><span class='ocrx_word' id='word_1_105' title='bbox 426 192 557 255; x_wconf 87' lang='grc'>130</span> <span class='ocrx_word' id='word_1_106' title='bbox 852 190 858 197; x_wconf 85' lang='grc'>’</span> <span class='ocrx_word' id='word_1_107' title='bbox 948 244 953 247; x_wconf 87' lang='grc'><strong>.</strong></span> <span class='ocrx_word' id='word_1_108' title='bbox 1043 190 1683 258; x_wconf 86' lang='lat' dir='ltr'>DEMOSTHENIS</span> 
     </span>
    </p>
   </div>
   <div class='ocr_carea' id='block_1_5' title="bbox 369 1653 2667 3442">
    <p class='ocr_par' dir='ltr' id='par_1_5' title="bbox 410 1653 2667 2101">
     <span class='ocr_line' id='line_1_16' title="bbox 412 1653 2278 1717; baseline 0.001 -15"><span class='ocrx_word' id='word_1_109' title='bbox 412 1654 557 1703; x_wconf 85' lang='lat' dir='ltr'><strong>neek.</strong></span> <span class='ocrx_word' id='word_1_110' title='bbox 575 1654 782 1705; x_wconf 82' lang='lat' dir='ltr'><strong>Forseh.</strong></span> <span class='ocrx_word' id='word_1_111' title='bbox 812 1669 865 1717; x_wconf 99' lang='grc' dir='ltr'>Ρ.</span> <span class='ocrx_word' id='word_1_112' title='bbox 886 1655 981 1706; x_wconf 87' lang='grc'>397</span> <span class='ocrx_word' id='word_1_113' title='bbox 1015 1669 1068 1703; x_wconf 90' lang='grc' dir='ltr'>ιι.</span> <span class='ocrx_word' id='word_1_114' title='bbox 1093 1656 1123 1703; x_wconf 87' lang='grc'><strong>3</strong></span> <span class='ocrx_word' id='word_1_115' title='bbox 1165 1656 1201 1682; x_wconf 83' lang='grc'><strong>“</strong></span> <span class='ocrx_word' id='word_1_116' title='bbox 1188 1655 1374 1702; x_wconf 78' lang='lat' dir='ltr'><strong>‘Plane</strong></span> <span class='ocrx_word' id='word_1_117' title='bbox 1398 1654 1654 1703; x_wconf 83' lang='lat' dir='ltr'><strong>adsentior</strong></span> <span class='ocrx_word' id='word_1_118' title='bbox 1673 1655 1900 1703; x_wconf 88' lang='lat' dir='ltr'><strong>Bekkero</strong></span> <span class='ocrx_word' id='word_1_119' title='bbox 1921 1657 1972 1703; x_wconf 84' lang='lat' dir='ltr'>et</span> <span class='ocrx_word' id='word_1_120' title='bbox 1996 1653 2278 1715; x_wconf 76' lang='lat' dir='ltr'><strong>Sehaefero,</strong></span> 
     </span>
     <span class='ocr_line' id='line_1_17' title="bbox 414 1718 2667 1779; baseline 0.002 -13"><span class='ocrx_word' id='word_1_121' title='bbox 414 1719 502 1779; x_wconf 89' lang='lat' dir='ltr'>qui</span> <span class='ocrx_word' id='word_1_122' title='bbox 538 1720 781 1767; x_wconf 77' lang='lat' dir='ltr'><strong>vocabula</strong></span> <span class='ocrx_word' id='word_1_123' title='bbox 824 1723 916 1768; x_wconf 81' lang='grc' dir='ltr'>ὅσα</span> <span class='ocrx_word' id='word_1_124' title='bbox 959 1722 1009 1767; x_wconf 90' lang='lat' dir='ltr'>et</span> <span class='ocrx_word' id='word_1_125' title='bbox 1048 1720 1201 1778; x_wconf 69' lang='grc' dir='ltr'>ἄλλης</span> <span class='ocrx_word' id='word_1_126' title='bbox 1254 1718 1441 1775; x_wconf 88' lang='lat' dir='ltr'><strong>delent,</strong></span> <span class='ocrx_word' id='word_1_127' title='bbox 1491 1723 1550 1766; x_wconf 90' lang='lat' dir='ltr'>ut</span> <span class='ocrx_word' id='word_1_128' title='bbox 1600 1719 1876 1779; x_wconf 80' lang='lat' dir='ltr'>jungantur</span> <span class='ocrx_word' id='word_1_129' title='bbox 1910 1720 2019 1775; x_wconf 74' lang='grc' dir='ltr'>παρ’</span> <span class='ocrx_word' id='word_1_130' title='bbox 2065 1719 2280 1779; x_wconf 74' lang='grc' dir='ltr'>οὐδεμιᾶς</span> <span class='ocrx_word' id='word_1_131' title='bbox 2663 1724 2667 1739; x_wconf 82' lang='grc'>·’</span> 
     </span>
     <span class='ocr_line' id='line_1_18' title="bbox 416 1782 2279 1846; baseline 0.001 -15"><span class='ocrx_word' id='word_1_132' title='bbox 416 1787 597 1833; x_wconf 82' lang='grc' dir='ltr'>πόλεως</span> <span class='ocrx_word' id='word_1_133' title='bbox 644 1786 750 1833; x_wconf 82' lang='grc' dir='ltr'>τοὺς</span> <span class='ocrx_word' id='word_1_134' title='bbox 783 1786 944 1845; x_wconf 79' lang='grc' dir='ltr'>ὅρκους</span> <span class='ocrx_word' id='word_1_135' title='bbox 981 1787 1172 1846; x_wconf 83' lang='grc' dir='ltr'>ἔλαβον,</span> <span class='ocrx_word' id='word_1_136' title='bbox 1213 1797 1281 1832; x_wconf 74' lang='lat' dir='ltr'>so.</span> <span class='ocrx_word' id='word_1_137' title='bbox 1315 1782 1472 1842; x_wconf 78' lang='lat' dir='ltr'><strong>legati</strong></span> <span class='ocrx_word' id='word_1_138' title='bbox 1516 1783 1583 1831; x_wconf 76' lang='lat' dir='ltr'>ad</span> <span class='ocrx_word' id='word_1_139' title='bbox 1623 1782 1919 1843; x_wconf 87' lang='lat' dir='ltr'><strong>Philippum</strong></span> <span class='ocrx_word' id='word_1_140' title='bbox 1961 1783 2121 1831; x_wconf 79' lang='lat' dir='ltr'>missi.</span> <span class='ocrx_word' id='word_1_141' title='bbox 2154 1797 2279 1832; x_wconf 71' lang='lat' dir='ltr'>nam</span> 
     </span>
     <span class='ocr_line' id='line_1_19' title="bbox 410 1846 2276 1927; baseline 0.002 -34"><span class='ocrx_word' id='word_1_142' title='bbox 410 1846 468 1894; x_wconf 88' lang='lat' dir='ltr'>in</span> <span class='ocrx_word' id='word_1_143' title='bbox 488 1846 834 1907; x_wconf 79' lang='lat' dir='ltr'><strong>psephismate</strong></span> <span class='ocrx_word' id='word_1_144' title='bbox 870 1848 1070 1908; x_wconf 82' lang='lat' dir='ltr'><strong>jussum</strong></span> <span class='ocrx_word' id='word_1_145' title='bbox 1099 1850 1207 1895; x_wconf 79' lang='lat' dir='ltr'><strong>erat</strong></span> <span class='ocrx_word' id='word_1_146' title='bbox 1241 1849 1346 1895; x_wconf 78' lang='grc' dir='ltr'>τοὺς</span> <span class='ocrx_word' id='word_1_147' title='bbox 1377 1847 1606 1926; x_wconf 76' lang='grc' dir='ltr'>ἄρχοντας</span> <span class='ocrx_word' id='word_1_148' title='bbox 1616 1847 1808 1927; x_wconf 78' lang='grc' dir='ltr'>ὁρκοῦν</span> <span class='ocrx_word' id='word_1_149' title='bbox 1835 1850 1940 1896; x_wconf 79' lang='grc' dir='ltr'>τοὺς</span> <span class='ocrx_word' id='word_1_150' title='bbox 1976 1849 2025 1896; x_wconf 78' lang='grc' dir='ltr'>ἐν</span> <span class='ocrx_word' id='word_1_151' title='bbox 2056 1849 2159 1897; x_wconf 82' lang='grc' dir='ltr'>ταῖς</span> <span class='ocrx_word' id='word_1_152' title='bbox 2190 1848 2276 1896; x_wconf 80' lang='grc' dir='ltr'>πό-</span> 
     </span>
     <span class='ocr_line' id='line_1_20' title="bbox 412 1908 2279 1972; baseline 0.001 -12"><span class='ocrx_word' id='word_1_153' title='bbox 412 1914 564 1961; x_wconf 82' lang='grc' dir='ltr'>λεσιν·</span> <span class='ocrx_word' id='word_1_154' title='bbox 650 1910 805 1971; x_wconf 80' lang='lat' dir='ltr'><strong>legati</strong></span> <span class='ocrx_word' id='word_1_155' title='bbox 852 1913 1024 1959; x_wconf 82' lang='lat' dir='ltr'><strong>autem</strong></span> <span class='ocrx_word' id='word_1_156' title='bbox 1078 1912 1155 1961; x_wconf 80' lang='grc' dir='ltr'>οὕς</span> <span class='ocrx_word' id='word_1_157' title='bbox 1208 1913 1447 1960; x_wconf 77' lang='grc' dir='ltr'>Φίλιππος</span> <span class='ocrx_word' id='word_1_158' title='bbox 1501 1908 1656 1960; x_wconf 74' lang='grc' dir='ltr'>αὐτοῖς</span> <span class='ocrx_word' id='word_1_159' title='bbox 1704 1914 2033 1972; x_wconf 77' lang='grc' dir='ltr'>προσέπεμψε,</span> <span class='ocrx_word' id='word_1_160' title='bbox 2086 1914 2279 1962; x_wconf 82' lang='grc' dir='ltr'>τούτους</span> 
     </span>
     <span class='ocr_line' id='line_1_21' title="bbox 414 1974 2274 2037; baseline 0.001 -15"><span class='ocrx_word' id='word_1_161' title='bbox 414 1975 629 2036; x_wconf 77' lang='grc' dir='ltr'>ὥρκισαν.</span> <span class='ocrx_word' id='word_1_162' title='bbox 699 1975 845 2022; x_wconf 91' lang='lat' dir='ltr'><strong>Dem.</strong></span> <span class='ocrx_word' id='word_1_163' title='bbox 870 1989 920 2035; x_wconf 90' lang='lat' dir='ltr'>p.</span> <span class='ocrx_word' id='word_1_164' title='bbox 944 1976 1053 2023; x_wconf 82' lang='grc'>430.</span> <span class='ocrx_word' id='word_1_165' title='bbox 1075 1977 1121 2037; x_wconf 66' lang='lat' dir='ltr'>[g</span> <span class='ocrx_word' id='word_1_166' title='bbox 1137 1976 1304 2036; x_wconf 55' lang='lat' dir='ltr'>317]st</span> <span class='ocrx_word' id='word_1_167' title='bbox 1362 1974 1597 2023; x_wconf 83' lang='lat' dir='ltr'><strong>Ceterum</strong></span> <span class='ocrx_word' id='word_1_168' title='bbox 1621 1974 1666 2022; x_wconf 91' lang='lat' dir='ltr'>si</span> <span class='ocrx_word' id='word_1_169' title='bbox 1686 1975 1856 2035; x_wconf 86' lang='lat' dir='ltr'><strong>plures</strong></span> <span class='ocrx_word' id='word_1_170' title='bbox 1876 1974 1997 2022; x_wconf 81' lang='lat' dir='ltr'>libri</span> <span class='ocrx_word' id='word_1_171' title='bbox 2016 1974 2274 2037; x_wconf 73' lang='lat' dir='ltr'><strong>haberent,</strong></span> 
     </span>
     <span class='ocr_line' id='line_1_22' title="bbox 416 2037 1233 2101; baseline -0.004 -12"><span class='ocrx_word' id='word_1_172' title='bbox 416 2039 522 2089; x_wconf 77' lang='grc' dir='ltr'>οὐδὲ</span> <span class='ocrx_word' id='word_1_173' title='bbox 545 2041 677 2101; x_wconf 77' lang='grc' dir='ltr'>παρὰ</span> <span class='ocrx_word' id='word_1_174' title='bbox 695 2040 805 2098; x_wconf 73' lang='grc' dir='ltr'>μιᾶς</span> <span class='ocrx_word' id='word_1_175' title='bbox 824 2037 964 2086; x_wconf 84' lang='lat' dir='ltr'><strong>haud</strong></span> <span class='ocrx_word' id='word_1_176' title='bbox 984 2038 1233 2099; x_wconf 83' lang='lat' dir='ltr'><strong>displicet.</strong></span> 
     </span>
    </p>

    <p class='ocr_par' dir='ltr' id='par_1_6' title="bbox 410 2100 2277 2293">
     <span class='ocr_line' id='line_1_23' title="bbox 517 2100 2277 2165; baseline 0.001 -14"><span class='ocrx_word' id='word_1_177' title='bbox 517 2104 677 2164; x_wconf 68' lang='grc'><strong>(5175.</strong></span> <span class='ocrx_word' id='word_1_178' title='bbox 743 2104 816 2163; x_wconf 74' lang='grc' dir='ltr'>τῷ</span> <span class='ocrx_word' id='word_1_179' title='bbox 851 2104 990 2165; x_wconf 74' lang='lat' dir='ltr'><strong>(ante</strong></span> <span class='ocrx_word' id='word_1_180' title='bbox 1013 2105 1289 2164; x_wconf 77' lang='grc' dir='ltr'>πανδοκείῳ)</span> <span class='ocrx_word' id='word_1_181' title='bbox 1318 2116 1417 2153; x_wconf 90' lang='grc' dir='ltr'>οιιι.</span> <span class='ocrx_word' id='word_1_182' title='bbox 1457 2101 1508 2150; x_wconf 93' lang='lat' dir='ltr'>k.</span> <span class='ocrx_word' id='word_1_183' title='bbox 1533 2116 1573 2150; x_wconf 78' lang='lat' dir='ltr'>e.</span> <span class='ocrx_word' id='word_1_184' title='bbox 1597 2100 1679 2150; x_wconf 64' lang='grc' dir='ltr'><strong>Αἱ.</strong></span> <span class='ocrx_word' id='word_1_185' title='bbox 1749 2101 2056 2151; x_wconf 83' lang='lat' dir='ltr'><strong>O“1m&#39;ssum</strong></span> <span class='ocrx_word' id='word_1_186' title='bbox 2076 2117 2277 2152; x_wconf 88' lang='lat' dir='ltr'><strong>nonre-</strong></span> 
     </span>
     <span class='ocr_line' id='line_1_24' title="bbox 413 2165 2271 2228; baseline 0.001 -14"><span class='ocrx_word' id='word_1_187' title='bbox 413 2165 632 2226; x_wconf 78' lang='lat' dir='ltr'>quiram’</span> <span class='ocrx_word' id='word_1_188' title='bbox 636 2166 893 2217; x_wconf 62' lang='lat' dir='ltr'><strong>&#39;Senum</strong></span> <span class='ocrx_word' id='word_1_189' title='bbox 950 2166 1070 2215; x_wconf 84' lang='lat' dir='ltr'><strong>Mox</strong></span> <span class='ocrx_word' id='word_1_190' title='bbox 1115 2169 1412 2228; x_wconf 84' lang='grc' dir='ltr'>Διοσκορείου</span> <span class='ocrx_word' id='word_1_191' title='bbox 1443 2165 1495 2214; x_wconf 87' lang='lat' dir='ltr'>k.</span> <span class='ocrx_word' id='word_1_192' title='bbox 1532 2181 1576 2214; x_wconf 87' lang='lat' dir='ltr'>r.</span> <span class='ocrx_word' id='word_1_193' title='bbox 1615 2168 1652 2213; x_wconf 80' lang='lat' dir='ltr'>t.</span> <span class='ocrx_word' id='word_1_194' title='bbox 1681 2180 1762 2227; x_wconf 86' lang='lat' dir='ltr'><strong>pr.</strong></span> <span class='ocrx_word' id='word_1_195' title='bbox 1805 2165 1866 2214; x_wconf 91' lang='grc' dir='ltr'>Β.</span> <span class='ocrx_word' id='word_1_196' title='bbox 1934 2170 2194 2227; x_wconf 76' lang='grc' dir='ltr'>διοσκορίου</span> <span class='ocrx_word' id='word_1_197' title='bbox 2229 2182 2271 2216; x_wconf 75' lang='grc' dir='ltr'><strong>Β.</strong></span> 
     </span>
     <span class='ocr_line' id='line_1_25' title="bbox 410 2230 2271 2293; baseline 0 -15"><span class='ocrx_word' id='word_1_198' title='bbox 410 2230 491 2278; x_wconf 72' lang='lat' dir='ltr'>Al.</span> <span class='ocrx_word' id='word_1_199' title='bbox 513 2231 593 2281; x_wconf 70' lang='lat' dir='ltr'>A’.</span> <span class='ocrx_word' id='word_1_200' title='bbox 665 2233 967 2293; x_wconf 79' lang='grc' dir='ltr'>Διοσκουρίου</span> <span class='ocrx_word' id='word_1_201' title='bbox 986 2245 1079 2281; x_wconf 77' lang='lat' dir='ltr'><strong>ree.</strong></span> <span class='ocrx_word' id='word_1_202' title='bbox 1109 2230 1167 2279; x_wconf 88' lang='lat' dir='ltr'>B.</span> <span class='ocrx_word' id='word_1_203' title='bbox 1236 2233 1584 2291; x_wconf 81' lang='grc' dir='ltr'>“Διοσκορείου</span> <span class='ocrx_word' id='word_1_204' title='bbox 1603 2230 1900 2290; x_wconf 78' lang='lat' dir='ltr'><strong>praeferam.</strong></span> <span class='ocrx_word' id='word_1_205' title='bbox 1967 2231 2028 2278; x_wconf 88' lang='lat' dir='ltr'>V.</span> <span class='ocrx_word' id='word_1_206' title='bbox 2051 2231 2271 2281; x_wconf 82' lang='lat' dir='ltr'><strong>Lobeek.</strong></span> 
     </span>
    </p>

    <p class='ocr_par' dir='ltr' id='par_1_7' title="bbox 369 2293 2266 2419">
     <span class='ocr_line' id='line_1_26' title="bbox 369 2293 2266 2356; baseline 0.002 -13"><span class='ocrx_word' id='word_1_207' title='bbox 369 2314 381 2337; x_wconf 78' lang='grc' dir='ltr'><strong>ο</strong></span> <span class='ocrx_word' id='word_1_208' title='bbox 411 2294 477 2343; x_wconf 71' lang='lat' dir='ltr'>ad</span> <span class='ocrx_word' id='word_1_209' title='bbox 497 2294 832 2356; x_wconf 80' lang='lat' dir='ltr'><strong>Phrynieh.p</strong></span> <span class='ocrx_word' id='word_1_210' title='bbox 836 2293 1020 2343; x_wconf 83' lang='lat'><strong>..”235</strong></span> <span class='ocrx_word' id='word_1_211' title='bbox 1088 2295 1304 2345; x_wconf 69' lang='lat' dir='ltr'><strong>Serum.</strong></span> <span class='ocrx_word' id='word_1_212' title='bbox 1379 2294 1694 2355; x_wconf 82' lang='lat' dir='ltr'><strong>Receperunt</strong></span> <span class='ocrx_word' id='word_1_213' title='bbox 1714 2293 2266 2347; x_wconf 69' lang='lat' dir='ltr'>Dmn.Vonn.1nfr.</span> 
     </span>
     <span class='ocr_line' id='line_1_27' title="bbox 409 2308 1470 2419; baseline -0.005 -9"><span class='ocrx_word' id='word_1_214' title='bbox 409 2361 551 2410; x_wconf 76' lang='grc' dir='ltr'>τοῦτο</span> <span class='ocrx_word' id='word_1_215' title='bbox 575 2359 624 2407; x_wconf 84' lang='lat' dir='ltr'>S.</span> <span class='ocrx_word' id='word_1_216' title='bbox 658 2359 716 2408; x_wconf 89' lang='lat' dir='ltr'>Y.</span> <span class='ocrx_word' id='word_1_217' title='bbox 744 2308 832 2406; x_wconf 69' lang='lat' dir='ltr'>kp</span> <span class='ocrx_word' id='word_1_218' title='bbox 816 2373 859 2407; x_wconf 83' lang='lat' dir='ltr'>r.</span> <span class='ocrx_word' id='word_1_219' title='bbox 884 2372 924 2406; x_wconf 81' lang='grc' dir='ltr'><strong>Β.</strong></span> <span class='ocrx_word' id='word_1_220' title='bbox 949 2356 1028 2409; x_wconf 69' lang='lat' dir='ltr'>Al.</span> <span class='ocrx_word' id='word_1_221' title='bbox 1100 2359 1226 2407; x_wconf 81' lang='grc' dir='ltr'>τοῦθ’</span> <span class='ocrx_word' id='word_1_222' title='bbox 1253 2360 1278 2408; x_wconf 84' lang='grc' dir='ltr'><strong>ὁ</strong></span> <span class='ocrx_word' id='word_1_223' title='bbox 1298 2358 1470 2419; x_wconf 81' lang='lat' dir='ltr'><strong>vulgo.</strong></span> 
     </span>
    </p>

    <p class='ocr_par' dir='ltr' id='par_1_8' title="bbox 406 2420 2273 2675">
     <span class='ocr_line' id='line_1_28' title="bbox 502 2420 2270 2486; baseline 0.001 -17"><span class='ocrx_word' id='word_1_224' title='bbox 502 2422 660 2482; x_wconf 67' lang='grc' dir='ltr'><strong>ξ176.</strong></span> <span class='ocrx_word' id='word_1_225' title='bbox 726 2426 816 2482; x_wconf 87' lang='grc' dir='ltr'>τήν</span> <span class='ocrx_word' id='word_1_226' title='bbox 850 2441 908 2470; x_wconf 88' lang='grc' dir='ltr'>τε</span> <span class='ocrx_word' id='word_1_227' title='bbox 939 2425 1036 2484; x_wconf 70' lang='grc' dir='ltr'>’γὰρ</span> <span class='ocrx_word' id='word_1_228' title='bbox 1068 2425 1261 2486; x_wconf 76' lang='grc' dir='ltr'>εἰρήνην.</span> <span class='ocrx_word' id='word_1_229' title='bbox 1328 2441 1384 2470; x_wconf 87' lang='grc' dir='ltr'>τε</span> <span class='ocrx_word' id='word_1_230' title='bbox 1418 2420 1551 2469; x_wconf 84' lang='lat' dir='ltr'>nihil</span> <span class='ocrx_word' id='word_1_231' title='bbox 1593 2420 1747 2470; x_wconf 72' lang='lat' dir='ltr'><strong>habet</strong></span> <span class='ocrx_word' id='word_1_232' title='bbox 1790 2420 1857 2470; x_wconf 80' lang='lat' dir='ltr'>ad</span> <span class='ocrx_word' id='word_1_233' title='bbox 1890 2421 2024 2482; x_wconf 83' lang='lat' dir='ltr'><strong>quod</strong></span> <span class='ocrx_word' id='word_1_234' title='bbox 2064 2422 2270 2471; x_wconf 72' lang='lat' dir='ltr'><strong>referas.</strong></span> 
     </span>
     <span class='ocr_line' id='line_1_29' title="bbox 406 2484 2273 2548; baseline 0 -14"><span class='ocrx_word' id='word_1_235' title='bbox 406 2486 540 2535; x_wconf 75' lang='lat' dir='ltr'>Nam</span> <span class='ocrx_word' id='word_1_236' title='bbox 561 2487 697 2548; x_wconf 87' lang='lat' dir='ltr'><strong>quod</strong></span> <span class='ocrx_word' id='word_1_237' title='bbox 729 2486 804 2535; x_wconf 78' lang='lat' dir='ltr'>ait</span> <span class='ocrx_word' id='word_1_238' title='bbox 840 2486 1055 2537; x_wconf 66' lang='grc' dir='ltr'>ΤΔιτιριι.</span> <span class='ocrx_word' id='word_1_239' title='bbox 1098 2486 1350 2534; x_wconf 78' lang='lat' dir='ltr'>“additur</span> <span class='ocrx_word' id='word_1_240' title='bbox 1382 2484 1439 2533; x_wconf 89' lang='lat' dir='ltr'>in</span> <span class='ocrx_word' id='word_1_241' title='bbox 1472 2484 1735 2534; x_wconf 87' lang='lat' dir='ltr'><strong>MStorum</strong></span> <span class='ocrx_word' id='word_1_242' title='bbox 1774 2486 2037 2533; x_wconf 73' lang='lat' dir='ltr'>nonnullis</span> <span class='ocrx_word' id='word_1_243' title='bbox 2075 2489 2154 2534; x_wconf 78' lang='grc' dir='ltr'>καὶ</span> <span class='ocrx_word' id='word_1_244' title='bbox 2185 2489 2273 2545; x_wconf 74' lang='grc' dir='ltr'>τὴν</span> 
     </span>
     <span class='ocr_line' id='line_1_30' title="bbox 408 2549 2262 2612; baseline 0.001 -13"><span class='ocrx_word' id='word_1_245' title='bbox 408 2554 736 2612; x_wconf 82' lang='grc' dir='ltr'>συμμαχίαν,”</span> <span class='ocrx_word' id='word_1_246' title='bbox 771 2550 974 2598; x_wconf 80' lang='lat' dir='ltr'><strong>videtur</strong></span> <span class='ocrx_word' id='word_1_247' title='bbox 1009 2550 1271 2607; x_wconf 80' lang='lat' dir='ltr'>erravisse,</span> <span class='ocrx_word' id='word_1_248' title='bbox 1304 2549 1549 2610; x_wconf 76' lang='lat' dir='ltr'>quoniam</span> <span class='ocrx_word' id='word_1_249' title='bbox 1576 2549 1708 2597; x_wconf 86' lang='lat' dir='ltr'>nihil</span> <span class='ocrx_word' id='word_1_250' title='bbox 1745 2550 2114 2598; x_wconf 81' lang='lat' dir='ltr'><strong>adnotaverunt</strong></span> <span class='ocrx_word' id='word_1_251' title='bbox 2157 2550 2262 2600; x_wconf 74' lang='lat' dir='ltr'>alii.</span> 
     </span>
     <span class='ocr_line' id='line_1_31' title="bbox 406 2612 2269 2702; baseline 0 -41"><span class='ocrx_word' id='word_1_252' title='bbox 406 2614 585 2675; x_wconf 79' lang='lat' dir='ltr'><strong>Itaque</strong></span> <span class='ocrx_word' id='word_1_253' title='bbox 608 2613 851 2675; x_wconf 78' lang='lat' dir='ltr'>quoniam</span> <span class='ocrx_word' id='word_1_254' title='bbox 872 2613 1304 2662; x_wconf 80' lang='lat' dir='ltr'>nihilanacoluthi</span> <span class='ocrx_word' id='word_1_255' title='bbox 1318 2612 1404 2661; x_wconf 87' lang='lat' dir='ltr'><strong>hie</strong></span> <span class='ocrx_word' id='word_1_256' title='bbox 1420 2613 1685 2687; x_wconf 79' lang='lat' dir='ltr'><strong>perspicio,</strong></span> <span class='ocrx_word' id='word_1_257' title='bbox 1705 2612 1954 2661; x_wconf 81' lang='lat' dir='ltr'><strong>assentior</strong></span> <span class='ocrx_word' id='word_1_258' title='bbox 1968 2614 2269 2702; x_wconf 61' lang='lat' dir='ltr'><strong>Semnan?</strong></span> 
     </span>
    </p>

    <p class='ocr_par' dir='ltr' id='par_1_9' title="bbox 402 2677 2269 3442">
     <span class='ocr_line' id='line_1_32' title="bbox 532 2677 2268 2740; baseline 0 -14"><span class='ocrx_word' id='word_1_259' title='bbox 532 2681 630 2740; x_wconf 68' lang='lat' dir='ltr'>&amp;p</span> <span class='ocrx_word' id='word_1_260' title='bbox 651 2678 881 2727; x_wconf 82' lang='lat' dir='ltr'><strong>absolute</strong></span> <span class='ocrx_word' id='word_1_261' title='bbox 901 2678 1119 2738; x_wconf 80' lang='lat' dir='ltr'>intelligi</span> <span class='ocrx_word' id='word_1_262' title='bbox 1139 2679 1355 2737; x_wconf 76' lang='lat' dir='ltr'><strong>oportet,</strong></span> <span class='ocrx_word' id='word_1_263' title='bbox 1378 2681 1437 2725; x_wconf 85' lang='lat' dir='ltr'>ut</span> <span class='ocrx_word' id='word_1_264' title='bbox 1457 2678 1623 2725; x_wconf 76' lang='lat' dir='ltr'><strong>valeat</strong></span> <span class='ocrx_word' id='word_1_265' title='bbox 1660 2677 1693 2726; x_wconf 87' lang='lat' dir='ltr'>i.</span> <span class='ocrx_word' id='word_1_266' title='bbox 1716 2692 1761 2737; x_wconf 93' lang='lat' dir='ltr'>q.</span> <span class='ocrx_word' id='word_1_267' title='bbox 1798 2680 1876 2726; x_wconf 79' lang='grc' dir='ltr'>καὶ</span> <span class='ocrx_word' id='word_1_268' title='bbox 1903 2680 2016 2738; x_wconf 75' lang='grc' dir='ltr'>γὰρ,</span> <span class='ocrx_word' id='word_1_269' title='bbox 2038 2677 2268 2727; x_wconf 43' lang='lat' dir='ltr'><strong>etenim?</strong></span> 
     </span>
     <span class='ocr_line' id='line_1_33' title="bbox 410 2697 2269 2806; baseline 0 -16"><span class='ocrx_word' id='word_1_270' title='bbox 410 2697 571 2805; x_wconf 77' lang='lat' dir='ltr'>[Oitat</span> <span class='ocrx_word' id='word_1_271' title='bbox 592 2742 853 2790; x_wconf 76' lang='lat' dir='ltr'>Aristotel.</span> <span class='ocrx_word' id='word_1_272' title='bbox 875 2755 967 2788; x_wconf 78' lang='lat' dir='ltr'>vn.</span> <span class='ocrx_word' id='word_1_273' title='bbox 992 2741 1142 2790; x_wconf 92' lang='lat' dir='ltr'><strong>Polit.</strong></span> <span class='ocrx_word' id='word_1_274' title='bbox 1168 2743 1246 2801; x_wconf 87' lang='grc'>13,</span> <span class='ocrx_word' id='word_1_275' title='bbox 1269 2743 1301 2789; x_wconf 99' lang='grc'>4</span> <span class='ocrx_word' id='word_1_276' title='bbox 1336 2744 1487 2803; x_wconf 66' lang='grc' dir='ltr'>(ειν.</span> <span class='ocrx_word' id='word_1_277' title='bbox 1513 2742 1590 2799; x_wconf 85' lang='grc'>14,</span> <span class='ocrx_word' id='word_1_278' title='bbox 1615 2740 1662 2806; x_wconf 86' lang='grc'>6)</span> <span class='ocrx_word' id='word_1_279' title='bbox 1687 2740 1771 2788; x_wconf 76' lang='grc' dir='ltr'>τόν</span> <span class='ocrx_word' id='word_1_280' title='bbox 1791 2760 1852 2789; x_wconf 86' lang='grc' dir='ltr'>τε</span> <span class='ocrx_word' id='word_1_281' title='bbox 1882 2745 1998 2802; x_wconf 74' lang='grc' dir='ltr'>γὰρ</span> <span class='ocrx_word' id='word_1_282' title='bbox 2027 2745 2269 2801; x_wconf 79' lang='grc' dir='ltr'>μέλλοντα</span> 
     </span>
     <span class='ocr_line' id='line_1_34' title="bbox 407 2804 2268 2869; baseline 0.001 -15"><span class='ocrx_word' id='word_1_283' title='bbox 407 2808 561 2856; x_wconf 80' lang='grc' dir='ltr'>καλῶς</span> <span class='ocrx_word' id='word_1_284' title='bbox 605 2807 771 2869; x_wconf 72' lang='grc' dir='ltr'>ἄρχειν</span> <span class='ocrx_word' id='word_1_285' title='bbox 814 2807 1043 2868; x_wconf 82' lang='grc' dir='ltr'>ἀρχθῆναί</span> <span class='ocrx_word' id='word_1_286' title='bbox 1093 2813 1213 2866; x_wconf 84' lang='grc' dir='ltr'>φασι</span> <span class='ocrx_word' id='word_1_287' title='bbox 1257 2807 1352 2855; x_wconf 81' lang='grc' dir='ltr'>δεῖν</span> <span class='ocrx_word' id='word_1_288' title='bbox 1393 2807 1595 2864; x_wconf 81' lang='grc' dir='ltr'>πρῶτον.</span> <span class='ocrx_word' id='word_1_289' title='bbox 1659 2804 1788 2852; x_wconf 83' lang='grc' dir='ltr'><strong>Αᾶᾶ.</strong></span> <span class='ocrx_word' id='word_1_290' title='bbox 1833 2804 2018 2854; x_wconf 84' lang='lat' dir='ltr'><strong>Herod.</strong></span> <span class='ocrx_word' id='word_1_291' title='bbox 2064 2819 2132 2854; x_wconf 68' lang='grc' dir='ltr'>ιν.</span> <span class='ocrx_word' id='word_1_292' title='bbox 2174 2805 2268 2855; x_wconf 84' lang='grc'>167</span> 
     </span>
     <span class='ocr_line' id='line_1_35' title="bbox 405 2867 2267 2933; baseline 0.001 -15"><span class='ocrx_word' id='word_1_293' title='bbox 405 2871 572 2918; x_wconf 78' lang='grc' dir='ltr'>πολλά</span> <span class='ocrx_word' id='word_1_294' title='bbox 611 2888 681 2918; x_wconf 90' lang='grc' dir='ltr'>τε</span> <span class='ocrx_word' id='word_1_295' title='bbox 714 2872 829 2933; x_wconf 78' lang='grc' dir='ltr'>γὰρ</span> <span class='ocrx_word' id='word_1_296' title='bbox 872 2872 951 2918; x_wconf 77' lang='grc' dir='ltr'>καὶ</span> <span class='ocrx_word' id='word_1_297' title='bbox 995 2872 1116 2918; x_wconf 73' lang='grc' dir='ltr'>κακὰ</span> <span class='ocrx_word' id='word_1_298' title='bbox 1150 2871 1361 2929; x_wconf 80' lang='grc' dir='ltr'>πάσχειν</span> <span class='ocrx_word' id='word_1_299' title='bbox 1401 2870 1480 2917; x_wconf 79' lang='grc' dir='ltr'>ὑπ’</span> <span class='ocrx_word' id='word_1_300' title='bbox 1520 2868 1678 2927; x_wconf 82' lang='grc' dir='ltr'>αὐτοῦ,</span> <span class='ocrx_word' id='word_1_301' title='bbox 1718 2869 1820 2929; x_wconf 82' lang='lat' dir='ltr'>Sop</span> <span class='ocrx_word' id='word_1_302' title='bbox 1819 2868 1873 2916; x_wconf 88' lang='lat' dir='ltr'>h.</span> <span class='ocrx_word' id='word_1_303' title='bbox 1920 2867 2098 2916; x_wconf 62' lang='grc' dir='ltr'><strong>ΤΙ-8011.</strong></span> <span class='ocrx_word' id='word_1_304' title='bbox 2142 2870 2267 2919; x_wconf 88' lang='grc'>1019</span> 
     </span>
     <span class='ocr_line' id='line_1_36' title="bbox 414 2931 2268 2994; baseline 0.001 -14"><span class='ocrx_word' id='word_1_305' title='bbox 414 2934 558 2993; x_wconf 86' lang='grc'><strong>(1015</strong></span> <span class='ocrx_word' id='word_1_306' title='bbox 595 2934 653 2981; x_wconf 90' lang='grc' dir='ltr'>Η</span> <span class='ocrx_word' id='word_1_307' title='bbox 653 2949 764 2985; x_wconf 82' lang='lat' dir='ltr'><strong>erm</strong></span> <span class='ocrx_word' id='word_1_308' title='bbox 795 2934 927 2994; x_wconf 87' lang='lat' dir='ltr'>qui‘</span> <span class='ocrx_word' id='word_1_309' title='bbox 933 2937 1143 2993; x_wconf 89' lang='lat' dir='ltr'><strong>‘nempe</strong></span> <span class='ocrx_word' id='word_1_310' title='bbox 1165 2936 1224 2982; x_wconf 88' lang='lat' dir='ltr'>ut</span> <span class='ocrx_word' id='word_1_311' title='bbox 1250 2932 1427 2981; x_wconf 80' lang='lat' dir='ltr'>Latini</span> <span class='ocrx_word' id='word_1_312' title='bbox 1446 2947 1655 2994; x_wconf 79' lang='lat' dir='ltr'>namque</span> <span class='ocrx_word' id='word_1_313' title='bbox 1679 2931 1871 2980; x_wconf 86' lang='lat' dir='ltr'><strong>dieunt.</strong></span> <span class='ocrx_word' id='word_1_314' title='bbox 1936 2950 1990 2980; x_wconf 88' lang='grc' dir='ltr'>τε</span> <span class='ocrx_word' id='word_1_315' title='bbox 2011 2932 2138 2980; x_wconf 83' lang='grc' dir='ltr'>ι11ιιᾶ</span> <span class='ocrx_word' id='word_1_316' title='bbox 2158 2947 2268 2981; x_wconf 90' lang='grc' dir='ltr'>ιιοιι</span> 
     </span>
     <span class='ocr_line' id='line_1_37' title="bbox 407 2996 2258 3058; baseline -0.001 -14"><span class='ocrx_word' id='word_1_317' title='bbox 407 2998 625 3058; x_wconf 80' lang='lat' dir='ltr'><strong>oopulat‚</strong></span> <span class='ocrx_word' id='word_1_318' title='bbox 665 2997 757 3046; x_wconf 86' lang='lat' dir='ltr'>sed</span> <span class='ocrx_word' id='word_1_319' title='bbox 797 2997 967 3045; x_wconf 85' lang='lat' dir='ltr'><strong>lenius</strong></span> <span class='ocrx_word' id='word_1_320' title='bbox 1003 2997 1223 3046; x_wconf 72' lang='lat' dir='ltr'><strong>affirmat</strong></span> <span class='ocrx_word' id='word_1_321' title='bbox 1262 3010 1418 3057; x_wconf 82' lang='lat' dir='ltr'>quam</span> <span class='ocrx_word' id='word_1_322' title='bbox 1450 2999 1538 3056; x_wconf 77' lang='grc' dir='ltr'>τοί,</span> <span class='ocrx_word' id='word_1_323' title='bbox 1575 2996 1712 3044; x_wconf 89' lang='lat' dir='ltr'><strong>unde</strong></span> <span class='ocrx_word' id='word_1_324' title='bbox 1762 2998 1945 3043; x_wconf 82' lang='lat' dir='ltr'><strong>natum</strong></span> <span class='ocrx_word' id='word_1_325' title='bbox 1989 2997 2052 3058; x_wconf 79' lang='lat'>[?]</span> <span class='ocrx_word' id='word_1_326' title='bbox 2093 2996 2202 3044; x_wconf 89' lang='lat' dir='ltr'><strong>est.&#39;</strong></span> <span class='ocrx_word' id='word_1_327' title='bbox 2208 3000 2258 3057; x_wconf 82' lang='lat'>²),</span> 
     </span>
     <span class='ocr_line' id='line_1_38' title="bbox 404 3059 2264 3121; baseline 0.001 -14"><span class='ocrx_word' id='word_1_328' title='bbox 404 3060 558 3108; x_wconf 85' lang='lat' dir='ltr'><strong>Arist.</strong></span> <span class='ocrx_word' id='word_1_329' title='bbox 583 3075 662 3110; x_wconf 90' lang='lat'>111.</span> <span class='ocrx_word' id='word_1_330' title='bbox 678 3061 827 3112; x_wconf 88' lang='lat' dir='ltr'><strong>Rhet.</strong></span> <span class='ocrx_word' id='word_1_331' title='bbox 858 3063 904 3112; x_wconf 82' lang='lat'>7.</span> <span class='ocrx_word' id='word_1_332' title='bbox 930 3062 1008 3120; x_wconf 88' lang='lat'>11,</span> <span class='ocrx_word' id='word_1_333' title='bbox 1034 3061 1186 3109; x_wconf 81' lang='lat' dir='ltr'><strong>Arist.</strong></span> <span class='ocrx_word' id='word_1_334' title='bbox 1214 3062 1330 3109; x_wconf 78' lang='lat' dir='ltr'><strong>Pae.</strong></span> <span class='ocrx_word' id='word_1_335' title='bbox 1354 3061 1450 3109; x_wconf 84' lang='lat'>402</span> <span class='ocrx_word' id='word_1_336' title='bbox 1474 3059 1610 3121; x_wconf 81' lang='lat' dir='ltr'><strong>(Cod.</strong></span> <span class='ocrx_word' id='word_1_337' title='bbox 1634 3060 1759 3109; x_wconf 81' lang='lat' dir='ltr'><strong>Ven.</strong></span> <span class='ocrx_word' id='word_1_338' title='bbox 1781 3073 1905 3107; x_wconf 78' lang='lat' dir='ltr'>nam</span> <span class='ocrx_word' id='word_1_339' title='bbox 1925 3073 2129 3107; x_wconf 80' lang='lat' dir='ltr'><strong>versum</strong></span> <span class='ocrx_word' id='word_1_340' title='bbox 2162 3075 2264 3109; x_wconf 92' lang='lat' dir='ltr'><strong>om.</strong></span> 
     </span>
     <span class='ocr_line' id='line_1_39' title="bbox 405 3123 2266 3188; baseline 0 -16"><span class='ocrx_word' id='word_1_341' title='bbox 405 3123 527 3172; x_wconf 76' lang='lat' dir='ltr'><strong>eod.</strong></span> <span class='ocrx_word' id='word_1_342' title='bbox 550 3125 873 3188; x_wconf 79' lang='lat' dir='ltr'><strong>Rav.)‚P1at.</strong></span> <span class='ocrx_word' id='word_1_343' title='bbox 896 3125 1033 3173; x_wconf 90' lang='lat' dir='ltr'><strong>Prot.</strong></span> <span class='ocrx_word' id='word_1_344' title='bbox 1057 3126 1153 3172; x_wconf 83' lang='lat'>314</span> <span class='ocrx_word' id='word_1_345' title='bbox 1173 3125 1217 3172; x_wconf 84' lang='lat' dir='ltr'>E</span> <span class='ocrx_word' id='word_1_346' title='bbox 1244 3125 1355 3187; x_wconf 87' lang='lat' dir='ltr'><strong>(sed</strong></span> <span class='ocrx_word' id='word_1_347' title='bbox 1376 3123 1449 3172; x_wconf 91' lang='lat' dir='ltr'>ibi</span> <span class='ocrx_word' id='word_1_348' title='bbox 1469 3126 1566 3186; x_wconf 78' lang='grc' dir='ltr'>γάρ</span> <span class='ocrx_word' id='word_1_349' title='bbox 1587 3142 1661 3172; x_wconf 84' lang='grc' dir='ltr'>τοι</span> <span class='ocrx_word' id='word_1_350' title='bbox 1688 3124 1984 3184; x_wconf 80' lang='lat' dir='ltr'><strong>pauciorum</strong></span> <span class='ocrx_word' id='word_1_351' title='bbox 2020 3123 2266 3172; x_wconf 82' lang='lat' dir='ltr'><strong>librorum</strong></span> 
     </span>
     <span class='ocr_line' id='line_1_40' title="bbox 404 3187 2267 3264; baseline 0 -29"><span class='ocrx_word' id='word_1_352' title='bbox 404 3187 552 3236; x_wconf 79' lang='lat' dir='ltr'><strong>lectio</strong></span> <span class='ocrx_word' id='word_1_353' title='bbox 571 3188 835 3262; x_wconf 79' lang='lat' dir='ltr'><strong>praestat).</strong></span> <span class='ocrx_word' id='word_1_354' title='bbox 900 3188 1065 3249; x_wconf 76' lang='lat' dir='ltr'><strong>Negat</strong></span> <span class='ocrx_word' id='word_1_355' title='bbox 1083 3187 1267 3264; x_wconf 77' lang='lat' dir='ltr'><strong>Saupp.</strong></span> <span class='ocrx_word' id='word_1_356' title='bbox 1296 3188 1363 3236; x_wconf 79' lang='lat' dir='ltr'>ad</span> <span class='ocrx_word' id='word_1_357' title='bbox 1383 3188 1593 3249; x_wconf 76' lang='lat' dir='ltr'><strong>Lyeurg.</strong></span> <span class='ocrx_word' id='word_1_358' title='bbox 1621 3202 1671 3248; x_wconf 88' lang='lat' dir='ltr'><strong>p.</strong></span> <span class='ocrx_word' id='word_1_359' title='bbox 1696 3187 1798 3248; x_wconf 87' lang='lat'><strong>96.]</strong></span> <span class='ocrx_word' id='word_1_360' title='bbox 1866 3187 1963 3246; x_wconf 85' lang='lat' dir='ltr'><strong>Sie,</strong></span> <span class='ocrx_word' id='word_1_361' title='bbox 2001 3190 2061 3235; x_wconf 84' lang='lat' dir='ltr'>ut</span> <span class='ocrx_word' id='word_1_362' title='bbox 2093 3206 2148 3235; x_wconf 83' lang='grc' dir='ltr'>τε</span> <span class='ocrx_word' id='word_1_363' title='bbox 2164 3190 2267 3251; x_wconf 57' lang='grc' dir='ltr'>’γάρ</span> 
     </span>
     <span class='ocr_line' id='line_1_41' title="bbox 402 3250 2267 3315; baseline 0.001 -16"><span class='ocrx_word' id='word_1_364' title='bbox 402 3251 537 3300; x_wconf 74' lang='lat' dir='ltr'><strong>valet</strong></span> <span class='ocrx_word' id='word_1_365' title='bbox 567 3253 603 3300; x_wconf 91' lang='grc' dir='ltr'>ι.</span> <span class='ocrx_word' id='word_1_366' title='bbox 615 3266 661 3313; x_wconf 92' lang='lat' dir='ltr'>q.</span> <span class='ocrx_word' id='word_1_367' title='bbox 700 3267 927 3315; x_wconf 77' lang='lat' dir='ltr'>namque,</span> <span class='ocrx_word' id='word_1_368' title='bbox 951 3256 1060 3302; x_wconf 79' lang='grc' dir='ltr'>οὔτε</span> <span class='ocrx_word' id='word_1_369' title='bbox 1082 3252 1183 3315; x_wconf 72' lang='grc' dir='ltr'>γὰρ</span> <span class='ocrx_word' id='word_1_370' title='bbox 1218 3253 1254 3301; x_wconf 95' lang='lat' dir='ltr'>i.</span> <span class='ocrx_word' id='word_1_371' title='bbox 1275 3266 1322 3312; x_wconf 93' lang='lat' dir='ltr'>q.</span> <span class='ocrx_word' id='word_1_372' title='bbox 1358 3266 1509 3315; x_wconf 78' lang='lat' dir='ltr'><strong>neque</strong></span> <span class='ocrx_word' id='word_1_373' title='bbox 1545 3253 1675 3299; x_wconf 83' lang='lat' dir='ltr'>enim</span> <span class='ocrx_word' id='word_1_374' title='bbox 1707 3251 1879 3311; x_wconf 84' lang='lat' dir='ltr'><strong>paullo</strong></span> <span class='ocrx_word' id='word_1_375' title='bbox 1906 3250 2074 3299; x_wconf 85' lang='lat' dir='ltr'><strong>lenius</strong></span> <span class='ocrx_word' id='word_1_376' title='bbox 2110 3265 2267 3312; x_wconf 73' lang='lat' dir='ltr'>quarn</span> 
     </span>
     <span class='ocr_line' id='line_1_42' title="bbox 404 3314 2264 3379; baseline -0.001 -15"><span class='ocrx_word' id='word_1_377' title='bbox 404 3314 509 3364; x_wconf 69' lang='grc' dir='ltr'>οὐδὲ</span> <span class='ocrx_word' id='word_1_378' title='bbox 526 3318 637 3379; x_wconf 74' lang='grc' dir='ltr'>γάρ.</span> <span class='ocrx_word' id='word_1_379' title='bbox 704 3316 891 3366; x_wconf 81' lang='lat' dir='ltr'><strong>Herod.</strong></span> <span class='ocrx_word' id='word_1_380' title='bbox 919 3331 956 3364; x_wconf 87' lang='lat'>1.</span> <span class='ocrx_word' id='word_1_381' title='bbox 979 3318 1011 3364; x_wconf 80' lang='lat'><strong>3</strong></span> <span class='ocrx_word' id='word_1_382' title='bbox 1035 3319 1172 3365; x_wconf 80' lang='grc' dir='ltr'>οὔτε</span> <span class='ocrx_word' id='word_1_383' title='bbox 1201 3316 1316 3378; x_wconf 66' lang='grc' dir='ltr'>’γὰρ</span> <span class='ocrx_word' id='word_1_384' title='bbox 1344 3318 1542 3365; x_wconf 78' lang='grc' dir='ltr'>ἐκείνους</span> <span class='ocrx_word' id='word_1_385' title='bbox 1572 3314 1763 3364; x_wconf 84' lang='grc' dir='ltr'>διδόναι.</span> <span class='ocrx_word' id='word_1_386' title='bbox 1834 3314 1960 3364; x_wconf 86' lang='lat' dir='ltr'><strong>Xen.</strong></span> <span class='ocrx_word' id='word_1_387' title='bbox 1989 3314 2201 3363; x_wconf 81' lang='lat' dir='ltr'><strong>Memor.</strong></span> <span class='ocrx_word' id='word_1_388' title='bbox 2224 3329 2264 3363; x_wconf 89' lang='lat'>1.</span> 
     </span>
     <span class='ocr_line' id='line_1_43' title="bbox 402 3378 2269 3442; baseline 0 -15"><span class='ocrx_word' id='word_1_389' title='bbox 402 3380 453 3438; x_wconf 73' lang='lat'>2,</span> <span class='ocrx_word' id='word_1_390' title='bbox 484 3381 567 3439; x_wconf 79' lang='lat'>31,</span> <span class='ocrx_word' id='word_1_391' title='bbox 599 3380 808 3442; x_wconf 76' lang='lat' dir='ltr'><strong>Apolog.</strong></span> <span class='ocrx_word' id='word_1_392' title='bbox 841 3380 923 3440; x_wconf 83' lang='lat'>24,</span> <span class='ocrx_word' id='word_1_393' title='bbox 955 3378 1021 3429; x_wconf 71' lang='lat' dir='ltr'>ad</span> <span class='ocrx_word' id='word_1_394' title='bbox 1051 3382 1324 3441; x_wconf 84' lang='lat' dir='ltr'><strong>utrumque</strong></span> <span class='ocrx_word' id='word_1_395' title='bbox 1356 3379 1526 3429; x_wconf 86' lang='lat' dir='ltr'><strong>loeum</strong></span> <span class='ocrx_word' id='word_1_396' title='bbox 1553 3378 1656 3428; x_wconf 80' lang='lat' dir='ltr'>vid.</span> <span class='ocrx_word' id='word_1_397' title='bbox 1693 3378 1933 3427; x_wconf 88' lang='lat' dir='ltr'><strong>Bornem.</strong></span> <span class='ocrx_word' id='word_1_398' title='bbox 1999 3378 2100 3429; x_wconf 82' lang='lat' dir='ltr'>Sed</span> <span class='ocrx_word' id='word_1_399' title='bbox 2131 3379 2269 3440; x_wconf 79' lang='lat' dir='ltr'><strong>quod</strong></span> 
     </span>
    </p>
   </div>
   <div class='ocr_carea' id='block_1_6' title="bbox 400 3533 2645 3772">
    <p class='ocr_par' dir='ltr' id='par_1_10' title="bbox 400 3533 2645 3730">
     <span class='ocr_line' id='line_1_44' title="bbox 400 3533 2265 3608; baseline -0.003 -19"><span class='ocrx_word' id='word_1_400' title='bbox 400 3537 551 3590; x_wconf 68' lang='lat' dir='ltr'><strong>oeths</strong></span> <span class='ocrx_word' id='word_1_401' title='bbox 566 3551 695 3586; x_wconf 80' lang='lat' dir='ltr'><strong>were</strong></span> <span class='ocrx_word' id='word_1_402' title='bbox 716 3535 1136 3586; x_wconf 52' lang='lat' dir='ltr'><strong>administeredst</strong></span> <span class='ocrx_word' id='word_1_403' title='bbox 1169 3533 1287 3596; x_wconf 82' lang='grc' dir='ltr'>παρ’</span> <span class='ocrx_word' id='word_1_404' title='bbox 1449 3534 1560 3586; x_wconf 83' lang='grc'>391.</span> <span class='ocrx_word' id='word_1_405' title='bbox 1584 3535 1737 3596; x_wconf 74' lang='lat'>§176-</span> <span class='ocrx_word' id='word_1_406' title='bbox 1770 3535 1962 3608; x_wconf 77' lang='grc' dir='ltr'>’γράψαι</span> <span class='ocrx_word' id='word_1_407' title='bbox 1975 3533 2016 3582; x_wconf 83' lang='grc' dir='ltr'>δ’</span> <span class='ocrx_word' id='word_1_408' title='bbox 2031 3535 2265 3596; x_wconf 69' lang='grc' dir='ltr'>ἄντικρυς]</span> 
     </span>
     <span class='ocr_line' id='line_1_45' title="bbox 405 3596 2266 3666; baseline -0.003 -13"><span class='ocrx_word' id='word_1_409' title='bbox 405 3606 520 3663; x_wconf 69' lang='grc' dir='ltr'>ἐμοῦ</span> <span class='ocrx_word' id='word_1_410' title='bbox 579 3604 847 3664; x_wconf 70' lang='grc' dir='ltr'>λαμβάνειν</span> <span class='ocrx_word' id='word_1_411' title='bbox 913 3604 1077 3666; x_wconf 75' lang='grc' dir='ltr'>ὅρκους</span> <span class='ocrx_word' id='word_1_412' title='bbox 1145 3600 1279 3652; x_wconf 71' lang='lat' dir='ltr'><strong>hae.</strong></span> <span class='ocrx_word' id='word_1_413' title='bbox 1385 3599 1511 3649; x_wconf 83' lang='lat' dir='ltr'><strong>“To</strong></span> <span class='ocrx_word' id='word_1_414' title='bbox 1564 3599 1704 3647; x_wconf 82' lang='lat' dir='ltr'><strong>write</strong></span> <span class='ocrx_word' id='word_1_415' title='bbox 1749 3597 1895 3646; x_wconf 83' lang='lat' dir='ltr'><strong>down</strong></span> <span class='ocrx_word' id='word_1_416' title='bbox 1946 3596 2006 3646; x_wconf 89' lang='lat' dir='ltr'>in</span> <span class='ocrx_word' id='word_1_417' title='bbox 2060 3611 2266 3658; x_wconf 86' lang='lat' dir='ltr'><strong>express</strong></span> 
     </span>
     <span class='ocr_line' id='line_1_46' title="bbox 401 3660 2645 3772; baseline -0.005 -53"><span class='ocrx_word' id='word_1_418' title='bbox 401 3665 617 3772; x_wconf 63' lang='lat' dir='ltr'><strong>iceneol.</strong></span> <span class='ocrx_word' id='word_1_419' title='bbox 639 3666 667 3725; x_wconf 63' lang='grc' dir='ltr'><strong>ἕ</strong></span> <span class='ocrx_word' id='word_1_420' title='bbox 687 3666 752 3714; x_wconf 87' lang='grc'>48</span> <span class='ocrx_word' id='word_1_421' title='bbox 772 3665 894 3730; x_wconf 78' lang='grc'><strong>(39).</strong></span> <span class='ocrx_word' id='word_1_422' title='bbox 1381 3665 1541 3713; x_wconf 82' lang='lat' dir='ltr'><strong>terms</strong></span> <span class='ocrx_word' id='word_1_423' title='bbox 1561 3662 1849 3713; x_wconf 69' lang='lat' dir='ltr'><strong>Atheniens</strong></span> <span class='ocrx_word' id='word_1_424' title='bbox 1871 3660 1976 3711; x_wconf 75' lang='lat' dir='ltr'>and</span> <span class='ocrx_word' id='word_1_425' title='bbox 2004 3660 2265 3715; x_wconf 77' lang='lat' dir='ltr'>Athenian</span> <span class='ocrx_word' id='word_1_426' title='bbox 2639 3662 2645 3691; x_wconf 73' lang='lat'>¹</span> 
     </span>
    </p>
   </div>
   <div class='ocr_carea' id='block_1_7' title="bbox 2641 2526 2660 3900">
    <p class='ocr_par' dir='ltr' id='par_1_11' title="bbox 2641 2526 2660 3900">
     <span class='ocr_line' id='line_1_47' title="bbox 2641 2526 2660 3900; baseline 0 0"><span class='ocrx_word' id='word_1_427' title='bbox 2641 2526 2660 3900; x_wconf 95' lang='lat' dir='ltr'> </span> 
     </span>
    </p>
   </div>
  </div>
 </body>
</html>
