2667 4142
227 573 343 631 350
368 542 618 628 πέμψῃ,
673 541 851 623 δίκην
909 543 1132 608 ἐκεῖνοι
1190 542 1517 609 δώσουσιν.

225 1182 335 1240 351

790 182 910 246 DE
969 183 1248 247 FALSA
1304 167 1827 249 LEGATIONE.

2118 186 2240 250 249

367 339 707 407 Φιλίππου
748 341 1169 423 πραττόντων·
1212 340 1458 408 ἀκούειν
1493 342 1615 427 «γὰρ
1662 342 1784 428 ἔφη
1837 346 1961 406 τῶν
2012 341 2241 424 φίλων,

369 443 448 512 ὥς
486 442 595 508 ἐὰν
634 443 1032 529 ἐπιστροφήν
1069 444 1107 523 ή
1153 445 1344 513 πόλις
1389 443 1739 525 ποιήσηται
1786 443 1893 509 καὶ
1937 444 2245 527 πρέσβεις·

1623 548 1825 609 ταῦτα
1873 544 1988 624 μὲν
2037 542 2243 606 τοίνυν
2267 558 2381 617 307

368 643 510 707 τότε
545 644 650 707 καὶ
686 642 880 725 μάλα,
924 644 972 707 ὦ
1013 645 1227 731 ἄνδρες
1255 644 1595 725 Ἀθηναῖοι,
1640 646 1809 710 καλὰ
1844 646 1950 710 καὶ
1984 649 2097 725 τῆς·
2132 644 2243 708 πόὸ

366 755 525 815 λεως·
567 746 716 828 ἄξια
756 746 1136 832 ἐδημηιγόρει.
1227 749 1443 827 ἐπειδὴ
1482 749 1549 814 δὲ
1591 748 1853 835 ἀφίκετο
1898 749 1985 818 εἰς
2025 751 2244 813 Μακε-

367 848 576 914 δονίαν
597 849 705 914 καὶ
728 851 833 914 τὸν
858 851 1085 938 ἐχθρὸν
1107 849 1231 916 εἶδε
1259 852 1368 917 τὸν
1396 851 1588 919 αὑτοῦ
1616 852 1723 918 καὶ
1752 856 1878 919 τῶν
1896 853 2243 931 Ἑλλήνων,

368 951 474 1014 τὸν
520 940 873 1028 Φίλιππον,
920 950 1045 1035 ἆρά
1078 979 1152 1036 «γε
1191 952 1451 1066 όμοια
1412 981 1451 1033 η
1498 954 1929 1039 παραπλήσια
1967 953 2241 1030 τούτοις;

366 1058 620 1118 πολλοῦ
647 1079 722 1135 1’γε
751 1053 858 1118 καὶ
880 1053 987 1128 δεῖ,
1014 1053 1186 1119 ἀλλὰ
1207 1055 1369 1136 μήτε
1389 1059 1513 1121 τῶν
1535 1056 1861 1140 προγόνων
1887 1057 2244 1139 μεμνῆσθαι

366 1154 526 1237 μήτε
561 1155 840 1242 τρόπαια
876 1156 1085 1235 λέγειν
1122 1156 1282 1237 μήτε
1318 1158 1580 1237 βοηθεῖν
1613 1158 1847 1239 μηδενί,
1888 1164 2013 1224 τῶν
2050 1186 2118 1225 τε
2146 1185 2244 1224 κε-

368 1257 680 1323 λευόντων
705 1257 867 1337 μετὰ
898 1261 1023 1322 τῶν
1048 1258 1381 1338 εΕλλήνων
1410 1260 1556 1343 περὶ
1586 1264 1696 1340 τῆς·
1724 1262 1880 1346 πρὸς
1909 1260 2244 1326 Φίλιππον

368 1358 609 1441 εἰρήνης
637 1357 1064 1434 βουλεύεσθαι
1103 1360 1449 1441 θαυμάζειν,
1492 1361 1549 1425 εἰ
1582 1362 1730 1447 περὶ
1766 1365 1891 1426 τῶν
1929 1360 2241 1448 ὑμετέρων

369 1459 537 1525 ἰδίων
566 1461 771 1525 ἅλλον-
798 1461 941 1525 τινὰ
969 1461 1064 1527 δεῖ
1087 1462 1447 1541 πεισθῆναι·
1488 1460 1649 1527 εἶναί
1673 1488 1742 1527 τε
1770 1462 1879 1527 τὸν
1907 1460 2243 1527 Φίλιππον
2268 1468 2385 1540 308

366 1644 503 1705 οἵπερ
508 1680 624 1694 ......
632 1644 953 1704 φράσουσιν
956 1680 1072 1693 ......
1080 1644 1459 1704 ἐποτρυνοῦσι
1500 1642 1679 1704 reponi
1720 1642 1864 1703 jubet
1905 1643 2067 1693 DoBR.
2109 1643 2236 1693 Adv.

364 1724 400 1758 1.
432 1709 541 1756 121.
611 1707 725 1763 Sed,
763 1721 880 1754 oum
910 1709 1073 1756 οἵτινες
1105 1707 1187 1756 vel
1223 1710 1267 1755 ot
1298 1706 1626 1765 desideretur,
1666 1710 1795 1758 ὅπως
1827 1708 1982 1770 (quod
2020 1721 2156 1756 unus
2188 1711 2240 1756 et

364 1773 493 1820 alter
516 1770 672 1819 codex
701 1770 927 1831 praebet)
957 1770 1146 1819 rectius
1180 1771 1364 1831 opinor
1394 1771 1584 1832 recepit
1618 1772 1792 1821 Herm.
1836 1771 2020 1833 Opuso.
2061 1771 2118 1822 Τ.
2164 1786 2236 1820 w.

363 1850 415 1898 p.
440 1836 776 1884 13Ο.-τώ“ν
815 1836 932 1896 ὑπὲρ
954 1838 1060 1884 Φιλ.
1099 1835 1147 1884 k.
1179 1850 1218 1883 r.
1246 1849 1287 1882 s.
1313 1839 1391 1885 em.
1419 1834 1501 1883 Al.
1534 1835 1615 1886 Α).

1686 1835 1973 1897 Utrumque
2001 1836 2235 1897 probum.

363 1900 493 1948 Infr.
529 1901 555 1956 ἓ
577 1900 671 1948 335
697 1901 801 1949 τοὺς
825 1901 941 1960 ὑπὲρ
961 1901 1016 1947 Φ.
1047 1903 1358 1962 πράττοντας.

461 1965 622 2024 5350.
693 1966 764 2011 ide
796 1963 876 2012 Al.
916 1965 943 2011 δ
976 1962 1034 2010 in
1064 1978 1243 2012 rasura
1275 1962 1327 2012 S.

364 2075 515 2127 Dind.
586 2075 708 2124 Mox
727 2079 875 2125 αυτοῦ
905 2074 954 2126 Β.

368 2160 395 2189 ν
417 2155 535 2189 am.
560 2138 721 2200 antiq.
732 2140 953 2218 ascripto.

458 2207 483 2264 ἒ
503 2205 613 2254 351.
685 2204 782 2251 τῶν
818 2204 1137 2252 τελευτόντων
1162 2204 1222 2263 (ΒΞ
1226 2206 1271 2263 c)
1295 2202 1379 2253 ΑΒ.

1193 2268 1388 2326 Potius,
1435 2268 1634 2328 opinor,
1676 2287 1729 2317 κε
1772 2271 1889 2333 post
1940 2288 1997 2319 τε
2040 2269 2241 2318 excidit.

364 2333 485 2381 Mox
506 2332 638 2393 κοινῇ
659 2331 893 2380 additum
914 2332 1023 2380 vult
1046 2332 1293 2382 MARKLJ
1299 2305 1388 2380 ‘ut’
1409 2332 1607 2391 441,11
1640 2335 1691 2381 et
1724 2333 1902 2384 alibi.”

362 2268 584 2316 voluisse
618 2270 716 2315 τῶν
746 2286 802 2315 τε
839 2271 1088 2329 λεγόντων.
1098 2267 1127 2292 ”

362 2495 462 2555 ται]
499 2493 532 2544 i.
551 2507 596 2542 Θ.
621 2494 895 2556 ἐπιστραφῇ
918 2491 1101 2554 (which
1122 2493 1260 2542 word

364 2571 538 2607 occurs
597 2559 743 2605 Auet.
801 2572 868 2606 1v.
922 2556 1147 2618 Philipp.
1204 2573 1255 2618 p.

368 2624 460 2670 133
481 2625 508 2683 ς
530 2622 580 2680 9,
612 2620 851 2669 Aristoer.
877 2631 929 2683 p.
954 2622 1046 2670 665
1070 2625 1096 2682 ς
1120 2623 1248 2682 136).

368 2686 461 2734 See
482 2657 604 2737 nofe
625 2698 693 2733 on
714 2688 740 2745 ἓ
765 2687 873 2733 103.
933 2684 999 2734 So
1023 2685 1228 2747 [Philip.
1235 2687 1254 2747 ]

367 2751 529 2812 Epist.
568 2763 618 2811 p.
665 2750 758 2797 158
807 2753 833 2810 §
886 2750 912 2797 1
946 2752 1163 2808 οὐδεμίαν
1209 2754 1253 2798 έ-

365 2816 576 2863 ποιεῖσθε
607 2816 915 2875 ἐπιστροφήν.
988 2813 1097 2861 The
1119 2813 1255 2862 word

365 2877 532 2938 might
554 2877 616 2924 be
647 2876 892 2925 rendered
913 2877 970 2925 in
1003 2877 1107 2925 this
1138 2892 1252 2938 pas·

367 2956 483 3002 sage
522 2941 842 2990 “reaetion”
903 2941 952 3002 (i.
972 2955 1015 2989 e.
1063 2944 1245 3004 ἐπιστρ.

366 3007 1002 3067 ποιεῖσθαιεέπιστρέφειν),
1025 3019 1083 3053 as
1116 3005 1251 3053 Thu-

368 3069 479 3131 oyd.
525 3083 606 3117 111.
645 3070 724 3127 71,
760 3069 854 3116 but
894 3072 1123 3131 προσέχει
1153 3072 1253 3119 τοῖς

368 3135 645 3196 πράγμασιν
676 3135 770 3193 ἤδη
787 3147 967 3194 proves
996 3133 1085 3181 the
1107 3133 1255 3182 other

367 3196 686 3246 translation.

429 3262 586 3321 ς350.
622 3263 699 3309 καὶ
730 3261 886 3322 μάλα]
930 3259 1024 3309 See
1044 3263 1166 3309 note
1187 3276 1257 3309 on

365 3327 484 3385 530.
564 3324 834 3372 “Advorte
872 3328 951 3373 καὶ
985 3327 1117 3383 μάλα
1160 3327 1257 3389 (vel

365 3388 596 3451 maxime)
647 3388 710 3436 ab
759 3387 1005 3448 adjectivo
1043 3403 1135 3436 suo
1181 3404 1255 3437 se-

364 3453 625 3514 junctum’
614 3453 640 3476 ’'
699 3451 914 3500 Sonuit.
1008 3453 1117 3500 The
1171 3469 1259 3501 ear

366 3529 485 3577 may
506 3515 731 3578 possibly
764 3515 893 3563 have
930 3516 1113 3565 caused
1151 3517 1258 3564 this

367 3580 683 3641 separation:
707 3579 809 3627 and
831 3580 957 3629 such
969 3594 1036 3628 an
1059 3594 1257 3642 expres-

367 3644 481 3693 sion
503 3658 560 3691 as
585 3644 622 3691 ὦ
646 3646 803 3706 ἄνδρες
822 3644 1061 3703 Ἀθηναῖοι
1092 3644 1259 3705 might

1401 1961 1670 2012 “Videtur
1702 1966 1736 2012 λ
1770 1963 1947 2025 fuisse,
1977 1962 2071 2013 i.e.
2108 1964 2241 2013 εἶλι”

1090 2079 1276 2125 πολλοῦ
1308 2079 1382 2126 δεῖ
1409 2075 1470 2128 Ο.
1540 2076 1664 2125 Mox
1699 2042 1836 2139 λέγὲ
1871 2076 1923 2127 S.
1988 2080 2153 2142 βοήθει
2187 2077 2241 2127 S.

1448 2203 1713 2253 “Videtur
1751 2204 1844 2266 (ait
1885 2204 2081 2266 Reisk.)
2121 2206 2243 2254 dare

1987 2332 2088 2383 Sed
2119 2333 2243 2395 quid

1357 2497 1588 2555 separate
1608 2496 1785 2558 nearly
1806 2510 1907 2558 any
1931 2497 2109 2546 words.

1359 2561 1545 2618 “ὀμοῖα
1579 2559 1613 2619 ἦ
1655 2561 1976 2620 παραπλήσια
2008 2563 2070 2610 de
2101 2561 2235 2613 Fals.

1355 2622 1474 2683 Leg.
1522 2624 1633 2682 361,
1680 2627 1709 2676 7
1755 2626 1801 2687 [ἓ
1844 2627 1946 2687 70],
1989 2627 2101 2685 439,
2158 2628 2235 2677 20.

1356 2687 1519 2744 ὁμοίως
1551 2692 1628 2736 καὶ
1651 2693 1997 2749 παραπλησίως
2031 2690 2241 2751 Olynth.

1353 2750 1545 2810 36,1”
1590 2754 1635 2814 [ἓ
1671 2754 1751 2812 27,
1785 2753 1875 2801 ubi
1909 2755 1939 2802 2
1974 2753 2241 2835 Codd.r'1'].

1353 2814 1493 2863 Pors.
1533 2818 1660 2867 Acbv.
1699 2831 1752 2878 p.
1794 2817 1868 2867 60.
1999 2818 2121 2878 μήτε
2149 2820 2247 2868 τῶν

1353 2880 1596 2942 προγόνων
1638 2899 1681 2930 κ.
1688 2900 1731 2931 τ.
1741 2885 1785 2931 λ.
1797 2881 1816 2944 ]
1884 2880 1978 2931 See
2000 2897 2068 2930 on
2100 2886 2125 2944 ἓ
2160 2886 2234 2935 17.

1416 2945 2022 3020 ἓ351.θαυμάζειν,εζ
2071 2946 2246 3024 κ.τ.λ..]

1359 3007 1482 3054 “He
1513 3022 1616 3055 was
1654 3010 1927 3070 surprised,
1962 3010 2078 3059 that
2118 3012 2162 3059 it
2192 3011 2240 3060 is

1352 3084 1622 3133 necessary
1644 3073 1724 3120 for
1759 3088 1860 3134 any
1879 3074 2129 3135 foreigner
2165 3078 2241 3140 (so

1355 3137 1500 3183 ἄλλος
1555 3138 1812 3196 ἀνθρώπων
1844 3139 1869 3196 ἓ
1921 3139 2034 3199 308)
2081 3142 2135 3187 to
2177 3137 2246 3189 be
2270 3133 2282 3146 ’

1351 3199 1596 3246 reasoned
1635 3200 1758 3248 with
1789 3201 2075 3263 respeeting
2114 3217 2242 3264 your

1351 3276 1464 3310 own
1506 3262 1788 3312 individual
1824 3265 2112 3315 interestsl‘
2112 3295 2243 3308 --—-

1352 3327 1811 3400 ἑλληνικώτατον]ι
1814 3328 1890 3376 ‘A
1917 3333 2055 3378 most
2087 3345 2242 3391 genu-

1352 3388 1439 3437 ine
1456 3390 1639 3449 Greek,
1657 3392 1711 3439 of
1723 3391 1812 3440 the
1820 3394 1935 3441 true
1949 3394 2050 3441 and
2066 3399 2248 3455 purest

1355 3452 1552 3503 blood.”
1618 3454 1837 3505 ULPIANz
1885 3461 2236 3518 καθαρώτατον,

1357 3520 1762 3609 εἰλικρινέστατον,
1781 3522 2046 3570 δεινότατον
2054 3525 2231 3586 λέγειν.

1358 3582 1641 3632 “Aeschin.
1670 3585 1747 3642 33,
1777 3586 1837 3632 33
1862 3586 2006 3673 [226η
1999 3585 2060 3634 Β.
2091 3589 2238 3650 §43]‚

1356 3644 1436 3702 34,
1470 3646 1533 3693 42
1568 3648 1680 3709 [231
1715 3643 1776 3698 R.
1814 3651 1839 3709 ξ
1874 3648 2006 3711 51].”
2070 3650 2233 3700 ΒοΒΒ.
