<?xml version="1.0" encoding="UTF-8"?>
<!DOCTYPE html PUBLIC "-//W3C//DTD XHTML 1.0 Transitional//EN"
    "http://www.w3.org/TR/xhtml1/DTD/xhtml1-transitional.dtd">
<html xmlns="http://www.w3.org/1999/xhtml" xml:lang="en" lang="en">
 <head>
  <title>
</title>
<meta http-equiv="Content-Type" content="text/html;charset=utf-8" />
  <meta name='ocr-system' content='tesseract 3.04.00' />
  <meta name='ocr-capabilities' content='ocr_page ocr_carea ocr_par ocr_line ocrx_word'/>
</head>
<body>
  <div class='ocr_page' id='page_1' title='image "./demosthenisdefa02shilgoog_0090.png"; bbox 0 0 2667 4142; ppageno 0'>
   <div class='ocr_carea' id='block_1_1' title="bbox 421 227 1676 294">
    <p class='ocr_par' dir='ltr' id='par_1_1' title="bbox 421 227 1676 294">
     <span class='ocr_line' id='line_1_1' title="bbox 421 227 1676 294; baseline 0.002 -2"><span class='ocrx_word' id='word_1_1' title='bbox 421 230 501 293; x_wconf 82' lang='lat'>66</span> <span class='ocrx_word' id='word_1_2' title='bbox 1036 227 1589 293; x_wconf 85' lang='lat' dir='ltr'>DEMOSTHEN</span> <span class='ocrx_word' id='word_1_3' title='bbox 1591 229 1676 294; x_wconf 88' lang='lat' dir='ltr'>IS</span> 
     </span>
    </p>
   </div>
   <div class='ocr_carea' id='block_1_2' title="bbox 416 378 2398 1590">
    <p class='ocr_par' dir='ltr' id='par_1_2' title="bbox 416 378 2398 1590">
     <span class='ocr_line' id='line_1_2' title="bbox 418 378 2298 468; baseline 0.001 -23"><span class='ocrx_word' id='word_1_4' title='bbox 418 379 769 462; x_wconf 80' lang='grc' dir='ltr'>δαιμονίους</span> <span class='ocrx_word' id='word_1_5' title='bbox 816 379 919 445; x_wconf 85' lang='grc' dir='ltr'>διὰ</span> <span class='ocrx_word' id='word_1_6' title='bbox 955 380 1070 459; x_wconf 83' lang='grc' dir='ltr'>τὴν</span> <span class='ocrx_word' id='word_1_7' title='bbox 1109 379 1333 468; x_wconf 83' lang='grc' dir='ltr'>ἀρετὴν</span> <span class='ocrx_word' id='word_1_8' title='bbox 1377 380 1581 447; x_wconf 79' lang='grc' dir='ltr'>αὐτῶν</span> <span class='ocrx_word' id='word_1_9' title='bbox 1617 379 1760 447; x_wconf 88' lang='grc' dir='ltr'>ποτ’</span> <span class='ocrx_word' id='word_1_10' title='bbox 1804 378 2106 458; x_wconf 82' lang='grc' dir='ltr'><strong><em>ἐσώσατε,</em></strong></span> <span class='ocrx_word' id='word_1_11' title='bbox 2155 380 2298 447; x_wconf 78' lang='grc' dir='ltr'>οὐδὲ</span> 
     </span>
     <span class='ocr_line' id='line_1_3' title="bbox 417 480 2298 568; baseline 0 -21"><span class='ocrx_word' id='word_1_12' title='bbox 417 483 558 551; x_wconf 75' lang='grc' dir='ltr'>τοὺς</span> <span class='ocrx_word' id='word_1_13' title='bbox 594 480 982 568; x_wconf 80' lang='grc' dir='ltr'>καταράτους</span> <span class='ocrx_word' id='word_1_14' title='bbox 1028 481 1311 559; x_wconf 78' lang='grc' dir='ltr'>Εὐβοέας</span> <span class='ocrx_word' id='word_1_15' title='bbox 1346 482 1659 560; x_wconf 81' lang='grc' dir='ltr'>τουτουσί,</span> <span class='ocrx_word' id='word_1_16' title='bbox 1698 480 1822 547; x_wconf 81' lang='grc' dir='ltr'>οὐδ’</span> <span class='ocrx_word' id='word_1_17' title='bbox 1863 482 2098 550; x_wconf 85' lang='grc' dir='ltr'>ἄλλους</span> <span class='ocrx_word' id='word_1_18' title='bbox 2136 493 2298 549; x_wconf 90' lang='grc' dir='ltr'>πολ-</span> 
     </span>
     <span class='ocr_line' id='line_1_4' title="bbox 416 581 2294 669; baseline -0.001 -21"><span class='ocrx_word' id='word_1_19' title='bbox 416 582 581 660; x_wconf 85' lang='grc' dir='ltr'>λούς,</span> <span class='ocrx_word' id='word_1_20' title='bbox 613 582 758 647; x_wconf 81' lang='grc' dir='ltr'>ἀλλ’</span> <span class='ocrx_word' id='word_1_21' title='bbox 789 581 886 649; x_wconf 73' lang='grc' dir='ltr'>ὅτι</span> <span class='ocrx_word' id='word_1_22' title='bbox 916 584 1243 669; x_wconf 85' lang='grc' dir='ltr'>συμφέρον</span> <span class='ocrx_word' id='word_1_23' title='bbox 1268 582 1346 664; x_wconf 86' lang='grc' dir='ltr'>ἦν</span> <span class='ocrx_word' id='word_1_24' title='bbox 1377 588 1507 654; x_wconf 83' lang='grc' dir='ltr'>σῶς</span> <span class='ocrx_word' id='word_1_25' title='bbox 1537 582 1694 650; x_wconf 82' lang='grc' dir='ltr'>εἶναι</span> <span class='ocrx_word' id='word_1_26' title='bbox 1723 588 1800 668; x_wconf 86' lang='grc' dir='ltr'>τῇ</span> <span class='ocrx_word' id='word_1_27' title='bbox 1840 583 2044 659; x_wconf 87' lang='grc' dir='ltr'>πόλει,</span> <span class='ocrx_word' id='word_1_28' title='bbox 2079 582 2294 668; x_wconf 80' lang='grc' dir='ltr'>ὥσπερ</span> 
     </span>
     <span class='ocr_line' id='line_1_5' title="bbox 419 682 2398 771; baseline 0.003 -24"><span class='ocrx_word' id='word_1_29' title='bbox 419 684 682 753; x_wconf 81' lang='grc' dir='ltr'>Φωκέας</span> <span class='ocrx_word' id='word_1_30' title='bbox 728 685 880 750; x_wconf 88' lang='grc' dir='ltr'>νυνί.</span> <span class='ocrx_word' id='word_1_31' title='bbox 968 686 1074 750; x_wconf 90' lang='grc' dir='ltr'>καὶ</span> <span class='ocrx_word' id='word_1_32' title='bbox 1126 686 1195 751; x_wconf 86' lang='grc' dir='ltr'>τί</span> <span class='ocrx_word' id='word_1_33' title='bbox 1241 687 1367 750; x_wconf 81' lang='grc' dir='ltr'>τῶν</span> <span class='ocrx_word' id='word_1_34' title='bbox 1413 683 1687 749; x_wconf 82' lang='grc' dir='ltr'>Φωκέων</span> <span class='ocrx_word' id='word_1_35' title='bbox 1731 682 1770 765; x_wconf 85' lang='grc' dir='ltr'>ἢ</span> <span class='ocrx_word' id='word_1_36' title='bbox 1823 687 1949 749; x_wconf 85' lang='grc' dir='ltr'>τῶν</span> <span class='ocrx_word' id='word_1_37' title='bbox 1988 684 2293 749; x_wconf 84' lang='grc' dir='ltr'>Λακεδαι-</span> <span class='ocrx_word' id='word_1_38' title='bbox 2323 697 2398 771; x_wconf 89' lang='grc'>85</span> 
     </span>
     <span class='ocr_line' id='line_1_6' title="bbox 416 784 2295 874; baseline 0.004 -25"><span class='ocrx_word' id='word_1_39' title='bbox 416 785 648 867; x_wconf 88' lang='grc' dir='ltr'>μονίων</span> <span class='ocrx_word' id='word_1_40' title='bbox 692 784 731 867; x_wconf 86' lang='grc' dir='ltr'>ἢ</span> <span class='ocrx_word' id='word_1_41' title='bbox 784 786 953 869; x_wconf 84' lang='grc' dir='ltr'>ὑμῶν</span> <span class='ocrx_word' id='word_1_42' title='bbox 998 787 1037 868; x_wconf 86' lang='grc' dir='ltr'>ἢ</span> <span class='ocrx_word' id='word_1_43' title='bbox 1078 786 1286 853; x_wconf 78' lang='grc' dir='ltr'>ἄλλου</span> <span class='ocrx_word' id='word_1_44' title='bbox 1331 787 1498 856; x_wconf 85' lang='grc' dir='ltr'>τινὸς</span> <span class='ocrx_word' id='word_1_45' title='bbox 1545 786 1890 874; x_wconf 79' lang='grc' dir='ltr'>ἀνθρώπων</span> <span class='ocrx_word' id='word_1_46' title='bbox 1943 788 2105 867; x_wconf 85' lang='grc' dir='ltr'>μετὰ</span> <span class='ocrx_word' id='word_1_47' title='bbox 2153 788 2295 857; x_wconf 75' lang='grc' dir='ltr'>τοὺς</span> 
     </span>
     <span class='ocr_line' id='line_1_7' title="bbox 418 886 2296 976; baseline 0.001 -24"><span class='ocrx_word' id='word_1_48' title='bbox 418 888 597 974; x_wconf 82' lang='grc' dir='ltr'>παρὰ</span> <span class='ocrx_word' id='word_1_49' title='bbox 635 889 859 954; x_wconf 83' lang='grc' dir='ltr'>τούτου</span> <span class='ocrx_word' id='word_1_50' title='bbox 890 887 1117 971; x_wconf 65' lang='grc' dir='ltr'>λόγους</span> <span class='ocrx_word' id='word_1_51' title='bbox 1157 890 1615 976; x_wconf 79' lang='grc' dir='ltr'>ἐξαμαρτόντος</span> <span class='ocrx_word' id='word_1_52' title='bbox 1644 888 1754 953; x_wconf 78' lang='grc' dir='ltr'>οὐκ</span> <span class='ocrx_word' id='word_1_53' title='bbox 1784 886 1998 968; x_wconf 80' lang='grc' dir='ltr'>ἀπέβη</span> <span class='ocrx_word' id='word_1_54' title='bbox 2028 887 2111 951; x_wconf 85' lang='grc' dir='ltr'>τὰ</span> <span class='ocrx_word' id='word_1_55' title='bbox 2143 888 2296 974; x_wconf 85' lang='grc' dir='ltr'>πρὸς</span> 
     </span>
     <span class='ocr_line' id='line_1_8' title="bbox 418 987 2292 1076; baseline 0.001 -23"><span class='ocrx_word' id='word_1_56' title='bbox 418 987 575 1071; x_wconf 79' lang='grc' dir='ltr'>ὑμᾶς</span> <span class='ocrx_word' id='word_1_57' title='bbox 605 988 728 1054; x_wconf 81' lang='grc' dir='ltr'>ὑπὸ</span> <span class='ocrx_word' id='word_1_58' title='bbox 756 990 980 1056; x_wconf 83' lang='grc' dir='ltr'>τούτου</span> <span class='ocrx_word' id='word_1_59' title='bbox 997 991 1141 1056; x_wconf 86' lang='grc' dir='ltr'>τότε</span> <span class='ocrx_word' id='word_1_60' title='bbox 1162 990 1465 1076; x_wconf 84' lang='grc' dir='ltr'>ῥηθέντα;</span> <span class='ocrx_word' id='word_1_61' title='bbox 1508 988 1675 1055; x_wconf 81' lang='grc' dir='ltr'>τοῦτ’</span> <span class='ocrx_word' id='word_1_62' title='bbox 1715 987 1724 1076; x_wconf 85' lang='grc' dir='ltr'>Ι</span> <span class='ocrx_word' id='word_1_63' title='bbox 1763 989 2048 1072; x_wconf 82' lang='grc' dir='ltr'>ἐρωτᾶτε·</span> <span class='ocrx_word' id='word_1_64' title='bbox 2078 1017 2149 1054; x_wconf 94' lang='grc' dir='ltr'>ου</span> <span class='ocrx_word' id='word_1_65' title='bbox 2170 988 2292 1075; x_wconf 60' lang='grc' dir='ltr'>(γὰρ</span> 
     </span>
     <span class='ocr_line' id='line_1_9' title="bbox 417 1088 2293 1177; baseline 0.003 -25"><span class='ocrx_word' id='word_1_66' title='bbox 417 1090 541 1171; x_wconf 81' lang='grc' dir='ltr'>ἕξει</span> <span class='ocrx_word' id='word_1_67' title='bbox 570 1088 783 1173; x_wconf 84' lang='grc' dir='ltr'>δεῖξαι.</span> <span class='ocrx_word' id='word_1_68' title='bbox 869 1090 1059 1157; x_wconf 82' lang='grc' dir='ltr'>πέντε</span> <span class='ocrx_word' id='word_1_69' title='bbox 1100 1092 1220 1177; x_wconf 60' lang='grc' dir='ltr'>(γὰρ</span> <span class='ocrx_word' id='word_1_70' title='bbox 1255 1089 1480 1173; x_wconf 78' lang='grc' dir='ltr'>ἡμέραι</span> <span class='ocrx_word' id='word_1_71' title='bbox 1517 1090 1816 1173; x_wconf 62' lang='grc' dir='ltr'>«γεγόνασι</span> <span class='ocrx_word' id='word_1_72' title='bbox 1854 1089 2056 1171; x_wconf 83' lang='grc' dir='ltr'>μόναι,</span> <span class='ocrx_word' id='word_1_73' title='bbox 2098 1091 2165 1155; x_wconf 87' lang='grc' dir='ltr'>ἐν</span> <span class='ocrx_word' id='word_1_74' title='bbox 2194 1090 2293 1159; x_wconf 83' lang='grc' dir='ltr'>αἷς</span> 
     </span>
     <span class='ocr_line' id='line_1_10' title="bbox 416 1192 2297 1279; baseline 0.001 -22"><span class='ocrx_word' id='word_1_75' title='bbox 416 1192 594 1262; x_wconf 85' lang='grc' dir='ltr'>οὗτος</span> <span class='ocrx_word' id='word_1_76' title='bbox 659 1192 1008 1275; x_wconf 61' lang='grc' dir='ltr'>ἀπήγγειλε</span> <span class='ocrx_word' id='word_1_77' title='bbox 1065 1193 1147 1257; x_wconf 82' lang='grc' dir='ltr'>τὰ</span> <span class='ocrx_word' id='word_1_78' title='bbox 1211 1194 1441 1279; x_wconf 72' lang='grc' dir='ltr'>ψευδῆ,</span> <span class='ocrx_word' id='word_1_79' title='bbox 1501 1194 1671 1277; x_wconf 83' lang='grc' dir='ltr'>ὑμεῖς</span> <span class='ocrx_word' id='word_1_80' title='bbox 1736 1193 2173 1269; x_wconf 79' lang='grc' dir='ltr'>ἐπιστεύσατε,</span> <span class='ocrx_word' id='word_1_81' title='bbox 2233 1193 2297 1258; x_wconf 84' lang='grc' dir='ltr'>οἱ</span> 
     </span>
     <span class='ocr_line' id='line_1_11' title="bbox 417 1293 2392 1373; baseline -0.001 -14"><span class='ocrx_word' id='word_1_82' title='bbox 417 1297 659 1367; x_wconf 86' lang='grc' dir='ltr'>Φωκεῖς</span> <span class='ocrx_word' id='word_1_83' title='bbox 699 1295 1017 1373; x_wconf 85' lang='grc' dir='ltr'>ἐπύθοντο,</span> <span class='ocrx_word' id='word_1_84' title='bbox 1051 1295 1353 1361; x_wconf 83' lang='grc' dir='ltr'>ἐνέδωκαν</span> <span class='ocrx_word' id='word_1_85' title='bbox 1389 1297 1656 1371; x_wconf 80' lang='grc' dir='ltr'>ἑαυτούς,</span> <span class='ocrx_word' id='word_1_86' title='bbox 1695 1294 2044 1360; x_wconf 78' lang='grc' dir='ltr'>ἀπώλοντο.</span> <span class='ocrx_word' id='word_1_87' title='bbox 2134 1293 2290 1372; x_wconf 77' lang='grc' dir='ltr'>ὅθεν,</span> <span class='ocrx_word' id='word_1_88' title='bbox 2319 1312 2392 1367; x_wconf 84' lang='grc'>86</span> 
     </span>
     <span class='ocr_line' id='line_1_12' title="bbox 418 1394 2292 1483; baseline -0.001 -22"><span class='ocrx_word' id='word_1_89' title='bbox 418 1397 607 1480; x_wconf 83' lang='grc' dir='ltr'>οἶμαι,</span> <span class='ocrx_word' id='word_1_90' title='bbox 669 1398 777 1463; x_wconf 87' lang='grc' dir='ltr'>καὶ</span> <span class='ocrx_word' id='word_1_91' title='bbox 834 1397 1023 1479; x_wconf 86' lang='grc' dir='ltr'>δῆλόν</span> <span class='ocrx_word' id='word_1_92' title='bbox 1081 1399 1223 1463; x_wconf 82' lang='grc' dir='ltr'>ἐστι</span> <span class='ocrx_word' id='word_1_93' title='bbox 1281 1402 1502 1483; x_wconf 76' lang='grc' dir='ltr'>σαφῶς</span> <span class='ocrx_word' id='word_1_94' title='bbox 1547 1397 1644 1462; x_wconf 71' lang='grc' dir='ltr'>ὅτι</span> <span class='ocrx_word' id='word_1_95' title='bbox 1689 1400 1876 1462; x_wconf 84' lang='grc' dir='ltr'>πᾶσα</span> <span class='ocrx_word' id='word_1_96' title='bbox 1921 1394 2136 1473; x_wconf 77' lang='grc' dir='ltr'>ἀπάτη</span> <span class='ocrx_word' id='word_1_97' title='bbox 2184 1395 2292 1460; x_wconf 89' lang='grc' dir='ltr'>καὶ</span> 
     </span>
     <span class='ocr_line' id='line_1_13' title="bbox 418 1498 2132 1590; baseline 0 -25"><span class='ocrx_word' id='word_1_98' title='bbox 418 1501 610 1590; x_wconf 84' lang='grc' dir='ltr'>τέχνη</span> <span class='ocrx_word' id='word_1_99' title='bbox 662 1501 1137 1581; x_wconf 82' lang='grc' dir='ltr'>συνεσκευάσθη</span> <span class='ocrx_word' id='word_1_100' title='bbox 1185 1504 1295 1567; x_wconf 84' lang='grc' dir='ltr'>τοῦ</span> <span class='ocrx_word' id='word_1_101' title='bbox 1341 1501 1489 1588; x_wconf 88' lang='grc' dir='ltr'>περὶ</span> <span class='ocrx_word' id='word_1_102' title='bbox 1541 1500 1798 1570; x_wconf 86' lang='grc' dir='ltr'>Φωκέας</span> <span class='ocrx_word' id='word_1_103' title='bbox 1857 1498 2132 1585; x_wconf 85' lang='grc' dir='ltr'>ὀλέθρου.</span> 
     </span>
    </p>
   </div>
   <div class='ocr_carea' id='block_1_3' title="bbox 267 950 450 1105">
    <p class='ocr_par' dir='ltr' id='par_1_3' title="bbox 267 950 450 1105">
     <span class='ocr_line' id='line_1_14' title="bbox 319 950 450 1019; baseline 0 -14"><span class='ocrx_word' id='word_1_104' title='bbox 319 950 450 1019; x_wconf 89' lang='grc'>76</span> 
     </span>
     <span class='ocr_line' id='line_1_15' title="bbox 267 1029 384 1105; baseline 0 0"><span class='ocrx_word' id='word_1_105' title='bbox 267 1029 384 1105; x_wconf 83' lang='grc'>365</span> 
     </span>
    </p>
   </div>
   <div class='ocr_carea' id='block_1_4' title="bbox 2223 1497 2292 1564">
    <p class='ocr_par' dir='ltr' id='par_1_4' title="bbox 2223 1497 2292 1564">
     <span class='ocr_line' id='line_1_16' title="bbox 2223 1497 2292 1564; baseline 0.014 -1"><span class='ocrx_word' id='word_1_106' title='bbox 2223 1497 2292 1564; x_wconf 81' lang='grc' dir='ltr'>ὃν</span> 
     </span>
    </p>
   </div>
   <div class='ocr_carea' id='block_1_5' title="bbox 393 1657 2289 2652">
    <p class='ocr_par' dir='ltr' id='par_1_5' title="bbox 419 1657 2285 1819">
     <span class='ocr_line' id='line_1_17' title="bbox 513 1657 2285 1754; baseline -0.001 -14"><span class='ocrx_word' id='word_1_107' title='bbox 513 1696 539 1753; x_wconf 70' lang='grc' dir='ltr'><strong>ς</strong></span> <span class='ocrx_word' id='word_1_108' title='bbox 563 1692 639 1742; x_wconf 84' lang='grc'><strong>85.</strong></span> <span class='ocrx_word' id='word_1_109' title='bbox 713 1657 803 1752; x_wconf 51' lang='grc' dir='ltr'>ἔξει</span> <span class='ocrx_word' id='word_1_110' title='bbox 829 1692 877 1741; x_wconf 85' lang='lat' dir='ltr'>S.</span> <span class='ocrx_word' id='word_1_111' title='bbox 919 1697 950 1719; x_wconf 91' lang='lat'><strong>“</strong></span> <span class='ocrx_word' id='word_1_112' title='bbox 966 1710 1004 1753; x_wconf 88' lang='grc' dir='ltr'>χ</span> <span class='ocrx_word' id='word_1_113' title='bbox 1025 1706 1136 1740; x_wconf 83' lang='lat' dir='ltr'>am.</span> <span class='ocrx_word' id='word_1_114' title='bbox 1162 1692 1374 1753; x_wconf 83' lang='lat' dir='ltr'>antiqua</span> <span class='ocrx_word' id='word_1_115' title='bbox 1389 1691 1417 1714; x_wconf 81' lang='lat'>’²</span> <span class='ocrx_word' id='word_1_116' title='bbox 1439 1693 1598 1740; x_wconf 74' lang='lat' dir='ltr'>Dum.</span> <span class='ocrx_word' id='word_1_117' title='bbox 1666 1694 1719 1754; x_wconf 76' lang='lat'>[⁶⁴</span> <span class='ocrx_word' id='word_1_118' title='bbox 1737 1691 1931 1740; x_wconf 64' lang='lat' dir='ltr'>Eadem</span> <span class='ocrx_word' id='word_1_119' title='bbox 1966 1705 2127 1739; x_wconf 82' lang='lat' dir='ltr'>manu</span> <span class='ocrx_word' id='word_1_120' title='bbox 2162 1706 2285 1740; x_wconf 83' lang='lat' dir='ltr'>crux</span> 
     </span>
     <span class='ocr_line' id='line_1_18' title="bbox 419 1756 1483 1819; baseline 0.002 -16"><span class='ocrx_word' id='word_1_121' title='bbox 419 1756 559 1819; x_wconf 84' lang='lat' dir='ltr'>picta</span> <span class='ocrx_word' id='word_1_122' title='bbox 575 1756 702 1805; x_wconf 87' lang='lat' dir='ltr'>est.&#39;&#39;</span> <span class='ocrx_word' id='word_1_123' title='bbox 768 1756 962 1818; x_wconf 58' lang='lat' dir='ltr'>Vox-m]</span> <span class='ocrx_word' id='word_1_124' title='bbox 1478 1787 1483 1790; x_wconf 90' lang='lat'>-</span> 
     </span>
    </p>

    <p class='ocr_par' dir='ltr' id='par_1_6' title="bbox 393 1820 2289 2652">
     <span class='ocr_line' id='line_1_19' title="bbox 515 1820 2287 1882; baseline 0 -14"><span class='ocrx_word' id='word_1_125' title='bbox 515 1824 541 1881; x_wconf 65' lang='grc' dir='ltr'>ἓ</span> <span class='ocrx_word' id='word_1_126' title='bbox 564 1822 640 1870; x_wconf 87' lang='grc'><strong>86.</strong></span> <span class='ocrx_word' id='word_1_127' title='bbox 712 1823 786 1869; x_wconf 80' lang='grc' dir='ltr'>ὅτι</span> <span class='ocrx_word' id='word_1_128' title='bbox 808 1824 944 1869; x_wconf 79' lang='grc' dir='ltr'>πᾶσα</span> <span class='ocrx_word' id='word_1_129' title='bbox 967 1823 1131 1882; x_wconf 80' lang='grc' dir='ltr'>ἀπάτῃ</span> <span class='ocrx_word' id='word_1_130' title='bbox 1153 1835 1330 1869; x_wconf 82' lang='grc'><strong>01111100</strong></span> <span class='ocrx_word' id='word_1_131' title='bbox 1359 1820 1495 1868; x_wconf 89' lang='lat' dir='ltr'>libri.</span> <span class='ocrx_word' id='word_1_132' title='bbox 1574 1820 1777 1868; x_wconf 77' lang='lat' dir='ltr'>Primus</span> <span class='ocrx_word' id='word_1_133' title='bbox 1801 1820 1982 1868; x_wconf 85' lang='lat' dir='ltr'>Markl.</span> <span class='ocrx_word' id='word_1_134' title='bbox 2007 1820 2039 1879; x_wconf 77' lang='grc' dir='ltr'><em>ἡ</em></span> <span class='ocrx_word' id='word_1_135' title='bbox 2060 1821 2178 1867; x_wconf 83' lang='lat' dir='ltr'>ante</span> <span class='ocrx_word' id='word_1_136' title='bbox 2202 1821 2287 1868; x_wconf 79' lang='grc' dir='ltr'>ἀπ.</span> 
     </span>
     <span class='ocr_line' id='line_1_20' title="bbox 419 1884 2287 1942; baseline -0.001 -10"><span class='ocrx_word' id='word_1_137' title='bbox 419 1884 639 1933; x_wconf 83' lang='lat' dir='ltr'>infersit.</span> <span class='ocrx_word' id='word_1_138' title='bbox 709 1884 923 1933; x_wconf 85' lang='lat' dir='ltr'>Secutus</span> <span class='ocrx_word' id='word_1_139' title='bbox 958 1888 1037 1933; x_wconf 85' lang='lat' dir='ltr'>est</span> <span class='ocrx_word' id='word_1_140' title='bbox 1080 1885 1264 1933; x_wconf 75' lang='lat' dir='ltr'>Bmsx.</span> <span class='ocrx_word' id='word_1_141' title='bbox 1305 1885 1488 1933; x_wconf 87' lang='lat' dir='ltr'>deinde</span> <span class='ocrx_word' id='word_1_142' title='bbox 1525 1885 1762 1932; x_wconf 71' lang='grc' dir='ltr'><strong>ΒΕΚΚΕΒ.</strong></span> <span class='ocrx_word' id='word_1_143' title='bbox 1803 1885 1835 1942; x_wconf 80' lang='grc' dir='ltr'><em>ἡ</em></span> <span class='ocrx_word' id='word_1_144' title='bbox 1869 1887 2005 1932; x_wconf 83' lang='grc' dir='ltr'>πᾶσα.</span> <span class='ocrx_word' id='word_1_145' title='bbox 2035 1886 2120 1933; x_wconf 84' lang='grc' dir='ltr'>ἀπ.</span> <span class='ocrx_word' id='word_1_146' title='bbox 2187 1884 2287 1931; x_wconf 79' lang='lat' dir='ltr'>En.</span> 
     </span>
     <span class='ocr_line' id='line_1_21' title="bbox 393 1947 2286 2010; baseline 0 -15"><span class='ocrx_word' id='word_1_147' title='bbox 393 1948 603 2008; x_wconf 50' lang='lat' dir='ltr'>frumo.</span> <span class='ocrx_word' id='word_1_148' title='bbox 625 1948 783 1996; x_wconf 75' lang='lat' dir='ltr'>Dim).</span> <span class='ocrx_word' id='word_1_149' title='bbox 818 1949 984 1996; x_wconf 70' lang='lat' dir='ltr'>erx.</span> <span class='ocrx_word' id='word_1_150' title='bbox 1021 1951 1085 1997; x_wconf 84' lang='lat' dir='ltr'>st.</span> <span class='ocrx_word' id='word_1_151' title='bbox 1154 1949 1358 2010; x_wconf 81' lang='lat' dir='ltr'><strong>Optime</strong></span> <span class='ocrx_word' id='word_1_152' title='bbox 1396 1949 1458 1996; x_wconf 89' lang='lat' dir='ltr'>de</span> <span class='ocrx_word' id='word_1_153' title='bbox 1491 1949 1588 1998; x_wconf 90' lang='lat' dir='ltr'>hoc</span> <span class='ocrx_word' id='word_1_154' title='bbox 1616 1948 1725 1996; x_wconf 90' lang='lat' dir='ltr'>loco</span> <span class='ocrx_word' id='word_1_155' title='bbox 1754 1948 1971 1996; x_wconf 85' lang='lat' dir='ltr'>meritus</span> <span class='ocrx_word' id='word_1_156' title='bbox 2008 1951 2085 1996; x_wconf 88' lang='lat' dir='ltr'>est</span> <span class='ocrx_word' id='word_1_157' title='bbox 2124 1947 2286 1995; x_wconf 65' lang='lat' dir='ltr'>Dona.</span> 
     </span>
     <span class='ocr_line' id='line_1_22' title="bbox 427 2012 2287 2074; baseline 0 -14"><span class='ocrx_word' id='word_1_158' title='bbox 427 2015 461 2038; x_wconf 90' lang='lat'><strong>“</strong></span> <span class='ocrx_word' id='word_1_159' title='bbox 480 2013 612 2061; x_wconf 88' lang='lat' dir='ltr'>Male</span> <span class='ocrx_word' id='word_1_160' title='bbox 634 2014 665 2071; x_wconf 86' lang='grc' dir='ltr'><em>ὴ</em></span> <span class='ocrx_word' id='word_1_161' title='bbox 684 2012 843 2060; x_wconf 89' lang='lat' dir='ltr'>Bekk.</span> <span class='ocrx_word' id='word_1_162' title='bbox 868 2027 896 2061; x_wconf 88' lang='lat' dir='ltr'>e</span> <span class='ocrx_word' id='word_1_163' title='bbox 918 2013 1206 2061; x_wconf 85' lang='lat' dir='ltr'>Marklandi</span> <span class='ocrx_word' id='word_1_164' title='bbox 1236 2012 1606 2062; x_wconf 80' lang='lat' dir='ltr'>emendatione.</span> <span class='ocrx_word' id='word_1_165' title='bbox 1678 2012 1845 2073; x_wconf 86' lang='lat' dir='ltr'>Verte,</span> <span class='ocrx_word' id='word_1_166' title='bbox 1870 2014 1950 2060; x_wconf 91' lang='lat' dir='ltr'>No</span> <span class='ocrx_word' id='word_1_167' title='bbox 1973 2014 2164 2074; x_wconf 56' lang='lat' dir='ltr'>artifice</span> <span class='ocrx_word' id='word_1_168' title='bbox 2187 2027 2287 2060; x_wconf 76' lang='lat' dir='ltr'>was</span> 
     </span>
     <span class='ocr_line' id='line_1_23' title="bbox 421 2075 2288 2139; baseline -0.001 -15"><span class='ocrx_word' id='word_1_169' title='bbox 421 2078 513 2138; x_wconf 82' lang='lat' dir='ltr'>left</span> <span class='ocrx_word' id='word_1_170' title='bbox 552 2078 876 2139; x_wconf 80' lang='lat' dir='ltr'>unemployed</span> <span class='ocrx_word' id='word_1_171' title='bbox 913 2079 971 2125; x_wconf 80' lang='lat' dir='ltr'>in</span> <span class='ocrx_word' id='word_1_172' title='bbox 1013 2079 1093 2125; x_wconf 81' lang='lat' dir='ltr'>the</span> <span class='ocrx_word' id='word_1_173' title='bbox 1138 2076 1404 2125; x_wconf 77' lang='lat' dir='ltr'>business.&#39;&#39;</span> <span class='ocrx_word' id='word_1_174' title='bbox 1468 2077 1643 2137; x_wconf 88' lang='lat' dir='ltr'>Neque</span> <span class='ocrx_word' id='word_1_175' title='bbox 1681 2075 1821 2124; x_wconf 89' lang='lat' dir='ltr'>enim</span> <span class='ocrx_word' id='word_1_176' title='bbox 1863 2075 1919 2123; x_wconf 93' lang='lat' dir='ltr'>id</span> <span class='ocrx_word' id='word_1_177' title='bbox 1959 2077 2070 2123; x_wconf 86' lang='lat' dir='ltr'>vult</span> <span class='ocrx_word' id='word_1_178' title='bbox 2107 2076 2288 2124; x_wconf 86' lang='lat' dir='ltr'>Orator</span> 
     </span>
     <span class='ocr_line' id='line_1_24' title="bbox 420 2142 2285 2204; baseline 0.001 -17"><span class='ocrx_word' id='word_1_179' title='bbox 420 2148 574 2188; x_wconf 77' lang='lat' dir='ltr'>totam</span> <span class='ocrx_word' id='word_1_180' title='bbox 608 2142 876 2203; x_wconf 81' lang='lat' dir='ltr'>fallaciam</span> <span class='ocrx_word' id='word_1_181' title='bbox 908 2149 957 2189; x_wconf 87' lang='lat' dir='ltr'>et</span> <span class='ocrx_word' id='word_1_182' title='bbox 985 2142 1219 2204; x_wconf 82' lang='lat' dir='ltr'>fraudem</span> <span class='ocrx_word' id='word_1_183' title='bbox 1245 2143 1408 2204; x_wconf 71' lang='lat' dir='ltr'>fuicse</span> <span class='ocrx_word' id='word_1_184' title='bbox 1440 2144 1734 2189; x_wconf 73' lang='lat' dir='ltr'><strong><em>instructam</em></strong></span> <span class='ocrx_word' id='word_1_185' title='bbox 1766 2143 1823 2188; x_wconf 81' lang='lat' dir='ltr'>in</span> <span class='ocrx_word' id='word_1_186' title='bbox 1855 2142 2182 2189; x_wconf 75' lang='lat' dir='ltr'>Phocemium</span> <span class='ocrx_word' id='word_1_187' title='bbox 2210 2143 2285 2188; x_wconf 81' lang='lat' dir='ltr'>in-</span> 
     </span>
     <span class='ocr_line' id='line_1_25' title="bbox 420 2204 2287 2266; baseline -0.001 -14"><span class='ocrx_word' id='word_1_188' title='bbox 420 2207 634 2252; x_wconf 76' lang='lat' dir='ltr'>teritum.</span> <span class='ocrx_word' id='word_1_189' title='bbox 703 2204 935 2252; x_wconf 87' lang='lat' dir='ltr'>Minime.</span> <span class='ocrx_word' id='word_1_190' title='bbox 1000 2205 1139 2254; x_wconf 81' lang='lat' dir='ltr'>Inud</span> <span class='ocrx_word' id='word_1_191' title='bbox 1198 2204 1468 2265; x_wconf 85' lang='lat' dir='ltr'>significat,</span> <span class='ocrx_word' id='word_1_192' title='bbox 1515 2219 1697 2266; x_wconf 79' lang='lat' dir='ltr'>puram</span> <span class='ocrx_word' id='word_1_193' title='bbox 1731 2211 1909 2266; x_wconf 77' lang='lat' dir='ltr'>putam</span> <span class='ocrx_word' id='word_1_194' title='bbox 1953 2205 2188 2266; x_wconf 81' lang='lat' dir='ltr'>fraudem</span> <span class='ocrx_word' id='word_1_195' title='bbox 2230 2207 2287 2252; x_wconf 76' lang='lat' dir='ltr'>in</span> 
     </span>
     <span class='ocr_line' id='line_1_26' title="bbox 418 2267 2279 2329; baseline 0 -12"><span class='ocrx_word' id='word_1_196' title='bbox 418 2270 744 2317; x_wconf 70' lang='lat' dir='ltr'>Phoceu-sium</span> <span class='ocrx_word' id='word_1_197' title='bbox 759 2272 970 2318; x_wconf 75' lang='lat' dir='ltr'>interitu</span> <span class='ocrx_word' id='word_1_198' title='bbox 992 2285 1090 2317; x_wconf 77' lang='lat' dir='ltr'>esse</span> <span class='ocrx_word' id='word_1_199' title='bbox 1124 2272 1420 2318; x_wconf 78' lang='lat' dir='ltr'><strong><em>instructam</em></strong></span> <span class='ocrx_word' id='word_1_200' title='bbox 1441 2268 1501 2316; x_wconf 88' lang='lat' dir='ltr'>de</span> <span class='ocrx_word' id='word_1_201' title='bbox 1525 2283 1624 2329; x_wconf 90' lang='lat' dir='ltr'>quo</span> <span class='ocrx_word' id='word_1_202' title='bbox 1646 2282 1744 2315; x_wconf 83' lang='lat' dir='ltr'>usu</span> <span class='ocrx_word' id='word_1_203' title='bbox 1779 2270 1863 2317; x_wconf 82' lang='grc' dir='ltr'>τοῦ</span> <span class='ocrx_word' id='word_1_204' title='bbox 1896 2271 1988 2317; x_wconf 77' lang='grc' dir='ltr'>πᾶς</span> <span class='ocrx_word' id='word_1_205' title='bbox 2025 2268 2088 2317; x_wconf 86' lang='lat' dir='ltr'>cf.</span> <span class='ocrx_word' id='word_1_206' title='bbox 2126 2267 2279 2329; x_wconf 82' lang='lat' dir='ltr'>Soph.</span> 
     </span>
     <span class='ocr_line' id='line_1_27' title="bbox 420 2332 2289 2395; baseline 0 -15"><span class='ocrx_word' id='word_1_207' title='bbox 420 2332 674 2383; x_wconf 76' lang='lat' dir='ltr'>Phi1.927</span> <span class='ocrx_word' id='word_1_208' title='bbox 699 2332 799 2381; x_wconf 73' lang='grc' dir='ltr'>πᾶν</span> <span class='ocrx_word' id='word_1_209' title='bbox 821 2335 969 2393; x_wconf 80' lang='grc' dir='ltr'>δεῖμα,</span> <span class='ocrx_word' id='word_1_210' title='bbox 996 2333 1126 2381; x_wconf 89' lang='lat' dir='ltr'>Ibid.</span> <span class='ocrx_word' id='word_1_211' title='bbox 1153 2334 1245 2381; x_wconf 84' lang='lat'>622</span> <span class='ocrx_word' id='word_1_212' title='bbox 1269 2335 1299 2391; x_wconf 82' lang='grc' dir='ltr'><em>ἡ</em></span> <span class='ocrx_word' id='word_1_213' title='bbox 1317 2335 1452 2381; x_wconf 81' lang='grc' dir='ltr'>πᾶσα</span> <span class='ocrx_word' id='word_1_214' title='bbox 1469 2336 1636 2395; x_wconf 82' lang='grc' dir='ltr'>βλάβη</span> <span class='ocrx_word' id='word_1_215' title='bbox 1653 2334 1709 2393; x_wconf 87' lang='lat' dir='ltr'>(A</span> <span class='ocrx_word' id='word_1_216' title='bbox 1720 2335 1833 2381; x_wconf 81' lang='lat' dir='ltr'>rtic</span> <span class='ocrx_word' id='word_1_217' title='bbox 1862 2332 2065 2387; x_wconf 78' lang='lat' dir='ltr'>additur</span> <span class='ocrx_word' id='word_1_218' title='bbox 2084 2336 2289 2393; x_wconf 81' lang='lat' dir='ltr'>propter</span> 
     </span>
     <span class='ocr_line' id='line_1_28' title="bbox 420 2396 2283 2459; baseline -0.001 -15"><span class='ocrx_word' id='word_1_219' title='bbox 420 2396 574 2444; x_wconf 85' lang='lat' dir='ltr'>aliam</span> <span class='ocrx_word' id='word_1_220' title='bbox 608 2401 849 2457; x_wconf 82' lang='lat' dir='ltr'>causam).</span> <span class='ocrx_word' id='word_1_221' title='bbox 916 2398 1031 2445; x_wconf 91' lang='lat' dir='ltr'>Vid.</span> <span class='ocrx_word' id='word_1_222' title='bbox 1055 2397 1129 2445; x_wconf 89' lang='lat' dir='ltr'>ibi</span> <span class='ocrx_word' id='word_1_223' title='bbox 1151 2396 1327 2446; x_wconf 85' lang='lat' dir='ltr'>Gedik.</span> <span class='ocrx_word' id='word_1_224' title='bbox 1357 2411 1438 2457; x_wconf 86' lang='lat' dir='ltr'>ap.</span> <span class='ocrx_word' id='word_1_225' title='bbox 1470 2396 1666 2444; x_wconf 91' lang='lat' dir='ltr'>Buttm.</span> <span class='ocrx_word' id='word_1_226' title='bbox 1693 2396 1776 2459; x_wconf 81' lang='lat' dir='ltr'>(cf.</span> <span class='ocrx_word' id='word_1_227' title='bbox 1801 2399 1909 2445; x_wconf 73' lang='lat' dir='ltr'>olus</span> <span class='ocrx_word' id='word_1_228' title='bbox 1931 2411 2066 2444; x_wconf 83' lang='lat' dir='ltr'>omne</span> <span class='ocrx_word' id='word_1_229' title='bbox 2094 2396 2217 2446; x_wconf 89' lang='lat' dir='ltr'>Hor.</span> <span class='ocrx_word' id='word_1_230' title='bbox 2249 2410 2283 2445; x_wconf 91' lang='lat'>1.</span> 
     </span>
     <span class='ocr_line' id='line_1_29' title="bbox 418 2461 2280 2523; baseline 0.001 -16"><span class='ocrx_word' id='word_1_231' title='bbox 418 2461 587 2521; x_wconf 86' lang='lat' dir='ltr'>Epist.</span> <span class='ocrx_word' id='word_1_232' title='bbox 605 2475 652 2509; x_wconf 75' lang='lat' dir='ltr'>V.</span> <span class='ocrx_word' id='word_1_233' title='bbox 670 2464 738 2522; x_wconf 84' lang='lat'>2.)</span> <span class='ocrx_word' id='word_1_234' title='bbox 804 2461 1050 2523; x_wconf 83' lang='lat' dir='ltr'>Ejusdem</span> <span class='ocrx_word' id='word_1_235' title='bbox 1071 2461 1264 2521; x_wconf 82' lang='lat' dir='ltr'>generis</span> <span class='ocrx_word' id='word_1_236' title='bbox 1288 2465 1410 2508; x_wconf 87' lang='lat' dir='ltr'>sunt</span> <span class='ocrx_word' id='word_1_237' title='bbox 1433 2464 1482 2509; x_wconf 81' lang='grc' dir='ltr'>ἐν</span> <span class='ocrx_word' id='word_1_238' title='bbox 1495 2462 1630 2521; x_wconf 80' lang='grc' dir='ltr'>πάσῃ</span> <span class='ocrx_word' id='word_1_239' title='bbox 1663 2462 1838 2522; x_wconf 78' lang='grc' dir='ltr'>ἀπορίᾳ</span> <span class='ocrx_word' id='word_1_240' title='bbox 1862 2462 1977 2508; x_wconf 81' lang='grc' dir='ltr'>εἶναι</span> <span class='ocrx_word' id='word_1_241' title='bbox 1998 2475 2045 2521; x_wconf 92' lang='grc' dir='ltr'><strong>Ρ.</strong></span> <span class='ocrx_word' id='word_1_242' title='bbox 2076 2461 2213 2521; x_wconf 66' lang='lat'>9095</span> <span class='ocrx_word' id='word_1_243' title='bbox 2235 2463 2280 2520; x_wconf 87' lang='grc'>8,</span> 
     </span>
     <span class='ocr_line' id='line_1_30' title="bbox 420 2523 2283 2586; baseline -0.001 -14"><span class='ocrx_word' id='word_1_244' title='bbox 420 2528 469 2573; x_wconf 84' lang='grc' dir='ltr'>έν</span> <span class='ocrx_word' id='word_1_245' title='bbox 502 2528 663 2585; x_wconf 80' lang='grc' dir='ltr'>ἀδοξία</span> <span class='ocrx_word' id='word_1_246' title='bbox 696 2528 832 2586; x_wconf 83' lang='grc' dir='ltr'>πάσῃ</span> <span class='ocrx_word' id='word_1_247' title='bbox 864 2527 1075 2586; x_wconf 77' lang='lat' dir='ltr'>p.151§</span> <span class='ocrx_word' id='word_1_248' title='bbox 1102 2526 1181 2585; x_wconf 83' lang='lat'>74,</span> <span class='ocrx_word' id='word_1_249' title='bbox 1203 2524 1258 2573; x_wconf 91' lang='grc' dir='ltr'>ἐν</span> <span class='ocrx_word' id='word_1_250' title='bbox 1284 2528 1431 2573; x_wconf 78' lang='grc' dir='ltr'>πᾶσιν</span> <span class='ocrx_word' id='word_1_251' title='bbox 1469 2523 1665 2586; x_wconf 74' lang='grc' dir='ltr'>ἀγαθοῖς</span> <span class='ocrx_word' id='word_1_252' title='bbox 1701 2525 1894 2585; x_wconf 81' lang='lat' dir='ltr'>passim</span> <span class='ocrx_word' id='word_1_253' title='bbox 1919 2539 1999 2585; x_wconf 77' lang='lat' dir='ltr'>ap.</span> <span class='ocrx_word' id='word_1_254' title='bbox 2037 2523 2283 2572; x_wconf 83' lang='lat' dir='ltr'>Comicos.</span> 
     </span>
     <span class='ocr_line' id='line_1_31' title="bbox 418 2587 2287 2652; baseline -0.001 -16"><span class='ocrx_word' id='word_1_255' title='bbox 418 2589 599 2649; x_wconf 80' lang='lat' dir='ltr'>Itaque</span> <span class='ocrx_word' id='word_1_256' title='bbox 653 2604 760 2636; x_wconf 91' lang='lat' dir='ltr'>non</span> <span class='ocrx_word' id='word_1_257' title='bbox 805 2589 1033 2637; x_wconf 86' lang='lat' dir='ltr'>dubitavi</span> <span class='ocrx_word' id='word_1_258' title='bbox 1073 2591 1103 2647; x_wconf 84' lang='grc' dir='ltr'><strong><em>ἡ</em></strong></span> <span class='ocrx_word' id='word_1_259' title='bbox 1136 2588 1341 2649; x_wconf 83' lang='lat' dir='ltr'>rejicere</span> <span class='ocrx_word' id='word_1_260' title='bbox 1381 2589 1523 2652; x_wconf 54' lang='grc' dir='ltr'>[παρ’</span> <span class='ocrx_word' id='word_1_261' title='bbox 1561 2589 1727 2648; x_wconf 75' lang='grc' dir='ltr'>ἀπάτη</span> <span class='ocrx_word' id='word_1_262' title='bbox 1756 2588 1966 2649; x_wconf 46' lang='grc' dir='ltr'>ῩοΕΜΗ]</span> <span class='ocrx_word' id='word_1_263' title='bbox 2049 2587 2287 2635; x_wconf 81' lang='lat' dir='ltr'>Ceterum</span> 
     </span>
    </p>
   </div>
   <div class='ocr_carea' id='block_1_6' title="bbox 419 2652 2287 2716">
    <p class='ocr_par' dir='ltr' id='par_1_7' title="bbox 419 2652 2287 2716">
     <span class='ocr_line' id='line_1_32' title="bbox 419 2652 2287 2716; baseline -0.001 -15"><span class='ocrx_word' id='word_1_264' title='bbox 419 2657 571 2702; x_wconf 80' lang='grc' dir='ltr'>ἕνεκεν</span> <span class='ocrx_word' id='word_1_265' title='bbox 603 2655 800 2716; x_wconf 86' lang='grc' dir='ltr'>ὀλέθρου</span> <span class='ocrx_word' id='word_1_266' title='bbox 830 2671 906 2715; x_wconf 74' lang='grc' dir='ltr'>γρ.</span> <span class='ocrx_word' id='word_1_267' title='bbox 950 2654 1001 2702; x_wconf 84' lang='lat' dir='ltr'>S.</span> <span class='ocrx_word' id='word_1_268' title='bbox 1070 2655 1264 2715; x_wconf 85' lang='grc' dir='ltr'>ὀλέθρου</span> <span class='ocrx_word' id='word_1_269' title='bbox 1298 2655 1452 2702; x_wconf 75' lang='grc' dir='ltr'>ἕνεκεν</span> <span class='ocrx_word' id='word_1_270' title='bbox 1481 2670 1559 2715; x_wconf 74' lang='grc' dir='ltr'>γρ.</span> <span class='ocrx_word' id='word_1_271' title='bbox 1587 2652 1646 2713; x_wconf 80' lang='lat' dir='ltr'>Q.</span> <span class='ocrx_word' id='word_1_272' title='bbox 1708 2655 1912 2701; x_wconf 67' lang='grc' dir='ltr'>αἕνεκεν</span> <span class='ocrx_word' id='word_1_273' title='bbox 1942 2652 2225 2714; x_wconf 77' lang='lat' dir='ltr'>profectum</span> <span class='ocrx_word' id='word_1_274' title='bbox 2256 2667 2287 2700; x_wconf 79' lang='lat' dir='ltr'>a</span> 
     </span>
    </p>
   </div>
   <div class='ocr_carea' id='block_1_7' title="bbox 1400 2796 2286 2915">
    <p class='ocr_par' dir='ltr' id='par_1_8' title="bbox 1400 2796 2286 2915">
     <span class='ocr_line' id='line_1_33' title="bbox 1400 2796 2286 2863; baseline 0.001 -14"><span class='ocrx_word' id='word_1_275' title='bbox 1400 2816 1501 2862; x_wconf 79' lang='lat' dir='ltr'>you</span> <span class='ocrx_word' id='word_1_276' title='bbox 1533 2803 1587 2849; x_wconf 81' lang='lat' dir='ltr'>at</span> <span class='ocrx_word' id='word_1_277' title='bbox 1628 2800 1742 2850; x_wconf 83' lang='lat' dir='ltr'>that</span> <span class='ocrx_word' id='word_1_278' title='bbox 1789 2800 1916 2849; x_wconf 90' lang='lat' dir='ltr'>time</span> <span class='ocrx_word' id='word_1_279' title='bbox 1959 2801 2028 2863; x_wconf 80' lang='lat' dir='ltr'>by</span> <span class='ocrx_word' id='word_1_280' title='bbox 2071 2801 2160 2851; x_wconf 88' lang='lat' dir='ltr'>the</span> <span class='ocrx_word' id='word_1_281' title='bbox 2204 2796 2286 2850; x_wconf 82' lang='lat' dir='ltr'>de-</span> 
     </span>
     <span class='ocr_line' id='line_1_34' title="bbox 1402 2865 2286 2915; baseline 0.002 -2"><span class='ocrx_word' id='word_1_282' title='bbox 1402 2866 1616 2913; x_wconf 77' lang='lat' dir='ltr'>fendant</span> <span class='ocrx_word' id='word_1_283' title='bbox 1668 2879 1796 2913; x_wconf 83' lang='lat' dir='ltr'>were</span> <span class='ocrx_word' id='word_1_284' title='bbox 1858 2867 1952 2913; x_wconf 91' lang='lat' dir='ltr'>not</span> <span class='ocrx_word' id='word_1_285' title='bbox 2002 2865 2286 2915; x_wconf 75' lang='lat' dir='ltr'>fuJfilled?&#39;&#39;</span> 
     </span>
    </p>
   </div>
   <div class='ocr_carea' id='block_1_8' title="bbox 414 2801 1303 2927">
    <p class='ocr_par' dir='ltr' id='par_1_9' title="bbox 414 2801 1303 2927">
     <span class='ocr_line' id='line_1_35' title="bbox 419 2801 1302 2864; baseline -0.006 -10"><span class='ocrx_word' id='word_1_286' title='bbox 419 2822 547 2854; x_wconf 77' lang='grc' dir='ltr'>ουτος</span> <span class='ocrx_word' id='word_1_287' title='bbox 579 2802 746 2864; x_wconf 80' lang='lat' dir='ltr'>might</span> <span class='ocrx_word' id='word_1_288' title='bbox 782 2802 913 2851; x_wconf 83' lang='lat' dir='ltr'>have</span> <span class='ocrx_word' id='word_1_289' title='bbox 957 2802 1085 2850; x_wconf 89' lang='lat' dir='ltr'>been</span> <span class='ocrx_word' id='word_1_290' title='bbox 1124 2801 1302 2860; x_wconf 80' lang='lat' dir='ltr'>added,</span> 
     </span>
     <span class='ocr_line' id='line_1_36' title="bbox 414 2866 1303 2927; baseline -0.006 -9"><span class='ocrx_word' id='word_1_291' title='bbox 414 2869 509 2918; x_wconf 84' lang='lat' dir='ltr'>but</span> <span class='ocrx_word' id='word_1_292' title='bbox 540 2868 587 2916; x_wconf 84' lang='lat' dir='ltr'>is</span> <span class='ocrx_word' id='word_1_293' title='bbox 608 2871 701 2915; x_wconf 90' lang='lat' dir='ltr'>not</span> <span class='ocrx_word' id='word_1_294' title='bbox 733 2881 1015 2927; x_wconf 80' lang='lat' dir='ltr'>necessary.</span> <span class='ocrx_word' id='word_1_295' title='bbox 1084 2866 1303 2914; x_wconf 83' lang='lat' dir='ltr'>Observe</span> 
     </span>
    </p>
   </div>
   <div class='ocr_carea' id='block_1_9' title="bbox 2625 1569 2628 2256">
    <p class='ocr_par' dir='ltr' id='par_1_10' title="bbox 2625 1569 2628 2256">
     <span class='ocr_line' id='line_1_37' title="bbox 2625 1569 2628 2256; baseline 0 0"><span class='ocrx_word' id='word_1_296' title='bbox 2625 1569 2628 2256; x_wconf 95' lang='lat' dir='ltr'> </span> 
     </span>
    </p>
   </div>
   <div class='ocr_carea' id='block_1_10' title="bbox 413 2929 1305 3752">
    <p class='ocr_par' dir='ltr' id='par_1_11' title="bbox 413 2929 1305 3567">
     <span class='ocr_line' id='line_1_38' title="bbox 414 2929 1305 2992; baseline -0.004 -11"><span class='ocrx_word' id='word_1_297' title='bbox 414 2933 505 2981; x_wconf 84' lang='lat' dir='ltr'>the</span> <span class='ocrx_word' id='word_1_298' title='bbox 526 2931 774 2980; x_wconf 77' lang='lat' dir='ltr'>dramatic</span> <span class='ocrx_word' id='word_1_299' title='bbox 809 2937 840 2960; x_wconf 91' lang='lat'>“</span> <span class='ocrx_word' id='word_1_300' title='bbox 858 2933 915 2980; x_wconf 84' lang='grc' dir='ltr'>ὡς</span> <span class='ocrx_word' id='word_1_301' title='bbox 951 2934 1154 2992; x_wconf 77' lang='grc' dir='ltr'>πονηροί,</span> <span class='ocrx_word' id='word_1_302' title='bbox 1160 2929 1189 2952; x_wconf 84' lang='grc'>”</span> <span class='ocrx_word' id='word_1_303' title='bbox 1210 2945 1305 2978; x_wconf 83' lang='lat' dir='ltr'>nor</span> 
     </span>
     <span class='ocr_line' id='line_1_39' title="bbox 417 2994 1303 3055; baseline -0.005 -10"><span class='ocrx_word' id='word_1_304' title='bbox 417 2996 572 3045; x_wconf 78' lang='lat' dir='ltr'>suffer</span> <span class='ocrx_word' id='word_1_305' title='bbox 592 2995 704 3043; x_wconf 87' lang='lat' dir='ltr'>him</span> <span class='ocrx_word' id='word_1_306' title='bbox 736 2999 790 3044; x_wconf 82' lang='lat' dir='ltr'>to</span> <span class='ocrx_word' id='word_1_307' title='bbox 821 2994 972 3055; x_wconf 84' lang='lat' dir='ltr'>bring</span> <span class='ocrx_word' id='word_1_308' title='bbox 992 2994 1097 3042; x_wconf 87' lang='lat' dir='ltr'>this</span> <span class='ocrx_word' id='word_1_309' title='bbox 1126 2994 1303 3054; x_wconf 78' lang='lat' dir='ltr'>charge</span> 
     </span>
     <span class='ocr_line' id='line_1_40' title="bbox 418 3057 1302 3122; baseline -0.005 -13"><span class='ocrx_word' id='word_1_310' title='bbox 418 3060 616 3122; x_wconf 76' lang='lat' dir='ltr'>against</span> <span class='ocrx_word' id='word_1_311' title='bbox 664 3059 753 3108; x_wconf 85' lang='lat' dir='ltr'>the</span> <span class='ocrx_word' id='word_1_312' title='bbox 811 3058 1077 3117; x_wconf 73' lang='lat' dir='ltr'>PhocianS,</span> <span class='ocrx_word' id='word_1_313' title='bbox 1139 3057 1302 3105; x_wconf 83' lang='lat' dir='ltr'>“that</span> 
     </span>
     <span class='ocr_line' id='line_1_41' title="bbox 416 3121 1301 3186; baseline -0.005 -13"><span class='ocrx_word' id='word_1_314' title='bbox 416 3125 543 3186; x_wconf 77' lang='lat' dir='ltr'>they</span> <span class='ocrx_word' id='word_1_315' title='bbox 606 3138 691 3172; x_wconf 78' lang='lat' dir='ltr'>are</span> <span class='ocrx_word' id='word_1_316' title='bbox 756 3121 1009 3171; x_wconf 72' lang='lat' dir='ltr'>Wioked..’²</span> <span class='ocrx_word' id='word_1_317' title='bbox 1196 3141 1301 3170; x_wconf 86' lang='grc' dir='ltr'>του-</span> 
     </span>
     <span class='ocr_line' id='line_1_42' title="bbox 413 3186 1302 3238; baseline -0.003 -2"><span class='ocrx_word' id='word_1_318' title='bbox 413 3190 553 3238; x_wconf 83' lang='grc' dir='ltr'>τουσί</span> <span class='ocrx_word' id='word_1_319' title='bbox 606 3190 735 3236; x_wconf 89' lang='lat' dir='ltr'>“est</span> <span class='ocrx_word' id='word_1_320' title='bbox 768 3186 1132 3235; x_wconf 74' lang='lat' dir='ltr'>demonstratio</span> <span class='ocrx_word' id='word_1_321' title='bbox 1177 3188 1302 3234; x_wconf 86' lang='lat' dir='ltr'>tem-</span> 
     </span>
     <span class='ocr_line' id='line_1_43' title="bbox 414 3251 1302 3315; baseline -0.005 -14"><span class='ocrx_word' id='word_1_322' title='bbox 414 3253 568 3315; x_wconf 84' lang='lat' dir='ltr'>poris,</span> <span class='ocrx_word' id='word_1_323' title='bbox 592 3267 699 3300; x_wconf 89' lang='lat' dir='ltr'>non</span> <span class='ocrx_word' id='word_1_324' title='bbox 729 3251 849 3310; x_wconf 89' lang='lat' dir='ltr'>loci;</span> <span class='ocrx_word' id='word_1_325' title='bbox 886 3254 987 3309; x_wconf 76' lang='lat' dir='ltr'>hos,</span> <span class='ocrx_word' id='word_1_326' title='bbox 1022 3266 1139 3312; x_wconf 80' lang='lat' dir='ltr'>quos</span> <span class='ocrx_word' id='word_1_327' title='bbox 1171 3265 1302 3298; x_wconf 72' lang='lat' dir='ltr'>nunc</span> 
     </span>
     <span class='ocr_line' id='line_1_44' title="bbox 414 3313 1300 3377; baseline -0.005 -12"><span class='ocrx_word' id='word_1_328' title='bbox 414 3319 665 3365; x_wconf 74' lang='lat' dir='ltr'>servastis.</span> <span class='ocrx_word' id='word_1_329' title='bbox 700 3316 1038 3377; x_wconf 80' lang='lat' dir='ltr'>opponuntur</span> <span class='ocrx_word' id='word_1_330' title='bbox 1053 3313 1300 3362; x_wconf 85' lang='lat' dir='ltr'>Lacedae-</span> 
     </span>
     <span class='ocr_line' id='line_1_45' title="bbox 415 3377 1301 3440; baseline -0.003 -12"><span class='ocrx_word' id='word_1_331' title='bbox 415 3380 594 3440; x_wconf 91' lang='lat' dir='ltr'>monii,</span> <span class='ocrx_word' id='word_1_332' title='bbox 640 3394 857 3440; x_wconf 87' lang='lat' dir='ltr'>quorum</span> <span class='ocrx_word' id='word_1_333' title='bbox 911 3378 1066 3427; x_wconf 83' lang='lat' dir='ltr'>saluti</span> <span class='ocrx_word' id='word_1_334' title='bbox 1120 3377 1301 3426; x_wconf 83' lang='lat' dir='ltr'>civitas</span> 
     </span>
     <span class='ocr_line' id='line_1_46' title="bbox 416 3441 1301 3505; baseline -0.003 -13"><span class='ocrx_word' id='word_1_335' title='bbox 416 3445 540 3492; x_wconf 92' lang='lat' dir='ltr'>olim</span> <span class='ocrx_word' id='word_1_336' title='bbox 566 3446 722 3505; x_wconf 81' lang='grc' dir='ltr'>(ποτὲ)</span> <span class='ocrx_word' id='word_1_337' title='bbox 747 3441 1047 3504; x_wconf 86' lang='lat' dir='ltr'>perspexit.&#39;’</span> <span class='ocrx_word' id='word_1_338' title='bbox 1084 3442 1301 3493; x_wconf 73' lang='lat' dir='ltr'>Scmr.</span> 
     </span>
     <span class='ocr_line' id='line_1_47' title="bbox 418 3508 1001 3567; baseline -0.007 -9"><span class='ocrx_word' id='word_1_339' title='bbox 418 3509 511 3559; x_wconf 83' lang='lat' dir='ltr'>See</span> <span class='ocrx_word' id='word_1_340' title='bbox 532 3512 665 3557; x_wconf 79' lang='lat' dir='ltr'>Ann.</span> <span class='ocrx_word' id='word_1_341' title='bbox 688 3510 812 3556; x_wconf 79' lang='lat' dir='ltr'>Crit.</span> <span class='ocrx_word' id='word_1_342' title='bbox 840 3511 866 3567; x_wconf 64' lang='grc' dir='ltr'><strong>ξ</strong></span> <span class='ocrx_word' id='word_1_343' title='bbox 890 3508 1001 3554; x_wconf 87' lang='grc'><strong>213.</strong></span> 
     </span>
    </p>

    <p class='ocr_par' dir='ltr' id='par_1_12' title="bbox 414 3569 1302 3752">
     <span class='ocr_line' id='line_1_48' title="bbox 479 3569 1302 3634; baseline -0.005 -13"><span class='ocrx_word' id='word_1_344' title='bbox 479 3577 505 3634; x_wconf 81' lang='lat'>§</span> <span class='ocrx_word' id='word_1_345' title='bbox 529 3574 608 3621; x_wconf 88' lang='lat'>85.</span> <span class='ocrx_word' id='word_1_346' title='bbox 678 3577 710 3601; x_wconf 83' lang='lat'>‘⁸</span> <span class='ocrx_word' id='word_1_347' title='bbox 727 3570 843 3619; x_wconf 89' lang='lat' dir='ltr'>And</span> <span class='ocrx_word' id='word_1_348' title='bbox 863 3570 999 3619; x_wconf 82' lang='lat' dir='ltr'>what</span> <span class='ocrx_word' id='word_1_349' title='bbox 1032 3585 1171 3619; x_wconf 86' lang='lat' dir='ltr'>error</span> <span class='ocrx_word' id='word_1_350' title='bbox 1197 3569 1302 3618; x_wconf 83' lang='lat' dir='ltr'>had</span> 
     </span>
     <span class='ocr_line' id='line_1_49' title="bbox 414 3634 1295 3695; baseline -0.003 -8"><span class='ocrx_word' id='word_1_351' title='bbox 414 3638 505 3687; x_wconf 85' lang='lat' dir='ltr'>the</span> <span class='ocrx_word' id='word_1_352' title='bbox 537 3635 789 3685; x_wconf 85' lang='lat' dir='ltr'>Phocians</span> <span class='ocrx_word' id='word_1_353' title='bbox 822 3634 952 3683; x_wconf 90' lang='lat' dir='ltr'>been</span> <span class='ocrx_word' id='word_1_354' title='bbox 986 3635 1151 3695; x_wconf 75' lang='lat' dir='ltr'>guilty</span> <span class='ocrx_word' id='word_1_355' title='bbox 1185 3635 1295 3684; x_wconf 86' lang='lat' dir='ltr'>of...</span> 
     </span>
     <span class='ocr_line' id='line_1_50' title="bbox 415 3698 1299 3752; baseline -0.007 0"><span class='ocrx_word' id='word_1_356' title='bbox 415 3702 529 3752; x_wconf 84' lang='lat' dir='ltr'>that</span> <span class='ocrx_word' id='word_1_357' title='bbox 567 3700 656 3750; x_wconf 87' lang='lat' dir='ltr'>the</span> <span class='ocrx_word' id='word_1_358' title='bbox 700 3700 1003 3749; x_wconf 77' lang='lat' dir='ltr'>statements</span> <span class='ocrx_word' id='word_1_359' title='bbox 1042 3698 1190 3748; x_wconf 88' lang='lat' dir='ltr'>made</span> <span class='ocrx_word' id='word_1_360' title='bbox 1245 3702 1299 3747; x_wconf 90' lang='lat' dir='ltr'>to</span> 
     </span>
    </p>
   </div>
   <div class='ocr_carea' id='block_1_11' title="bbox 1035 3150 1166 3158">
    <p class='ocr_par' dir='ltr' id='par_1_13' title="bbox 1035 3150 1166 3158">
     <span class='ocr_line' id='line_1_51' title="bbox 1035 3150 1166 3158; baseline 0 0"><span class='ocrx_word' id='word_1_361' title='bbox 1035 3150 1166 3158; x_wconf 95' lang='lat' dir='ltr'> </span> 
     </span>
    </p>
   </div>
   <div class='ocr_carea' id='block_1_12' title="bbox 1401 2929 2296 3762">
    <p class='ocr_par' dir='ltr' id='par_1_14' title="bbox 1401 2929 2296 3570">
     <span class='ocr_line' id='line_1_52' title="bbox 1402 2929 2296 2993; baseline -0.002 -15"><span class='ocrx_word' id='word_1_362' title='bbox 1402 2931 1564 2993; x_wconf 78' lang='grc' dir='ltr'>ἀπέβη</span> <span class='ocrx_word' id='word_1_363' title='bbox 1606 2929 1725 2977; x_wconf 84' lang='grc'><strong>11010</strong></span> <span class='ocrx_word' id='word_1_364' title='bbox 1759 2932 1944 2977; x_wconf 77' lang='lat' dir='ltr'>exitum</span> <span class='ocrx_word' id='word_1_365' title='bbox 1987 2931 2196 2978; x_wconf 80' lang='lat' dir='ltr'>habuere</span> <span class='ocrx_word' id='word_1_366' title='bbox 2230 2944 2296 2979; x_wconf 77' lang='grc'>00.</span> 
     </span>
     <span class='ocr_line' id='line_1_53' title="bbox 1403 2993 2289 3055; baseline 0.003 -14"><span class='ocrx_word' id='word_1_367' title='bbox 1403 2993 1630 3055; x_wconf 79' lang='lat' dir='ltr'>Thucyd.</span> <span class='ocrx_word' id='word_1_368' title='bbox 1654 3008 1720 3043; x_wconf 86' lang='lat' dir='ltr'>1v.</span> <span class='ocrx_word' id='word_1_369' title='bbox 1750 2995 1811 3043; x_wconf 87' lang='lat'>39</span> <span class='ocrx_word' id='word_1_370' title='bbox 1836 2996 1912 3042; x_wconf 82' lang='grc' dir='ltr'>καὶ</span> <span class='ocrx_word' id='word_1_371' title='bbox 1948 2995 2033 3042; x_wconf 85' lang='grc' dir='ltr'>τοῦ</span> <span class='ocrx_word' id='word_1_372' title='bbox 2069 2996 2289 3044; x_wconf 86' lang='grc' dir='ltr'>Κλέωνος</span> 
     </span>
     <span class='ocr_line' id='line_1_54' title="bbox 1404 3059 2287 3120; baseline 0.002 -14"><span class='ocrx_word' id='word_1_373' title='bbox 1404 3061 1573 3120; x_wconf 84' lang='grc' dir='ltr'>καίπερ</span> <span class='ocrx_word' id='word_1_374' title='bbox 1593 3060 1824 3117; x_wconf 81' lang='grc' dir='ltr'>μανιώδης</span> <span class='ocrx_word' id='word_1_375' title='bbox 1846 3061 1966 3106; x_wconf 79' lang='grc' dir='ltr'>οὖσα</span> <span class='ocrx_word' id='word_1_376' title='bbox 1982 3059 2013 3116; x_wconf 82' lang='grc' dir='ltr'><em>ἡ</em></span> <span class='ocrx_word' id='word_1_377' title='bbox 2031 3059 2287 3120; x_wconf 73' lang='grc' dir='ltr'>ὑπόσχεσις</span> 
     </span>
     <span class='ocr_line' id='line_1_55' title="bbox 1405 3123 2286 3185; baseline 0 -15"><span class='ocrx_word' id='word_1_378' title='bbox 1405 3125 1565 3184; x_wconf 81' lang='grc' dir='ltr'>ἀπέβη</span> <span class='ocrx_word' id='word_1_379' title='bbox 1591 3123 1639 3185; x_wconf 84' lang='grc' dir='ltr'>(ᾗ</span> <span class='ocrx_word' id='word_1_380' title='bbox 1663 3125 1886 3184; x_wconf 82' lang='grc' dir='ltr'>ἐβούλετο</span> <span class='ocrx_word' id='word_1_381' title='bbox 1920 3123 1967 3169; x_wconf 90' lang='grc'>10</span> <span class='ocrx_word' id='word_1_382' title='bbox 1998 3137 2138 3170; x_wconf 89' lang='lat' dir='ltr'>more</span> <span class='ocrx_word' id='word_1_383' title='bbox 2171 3137 2286 3170; x_wconf 87' lang='lat' dir='ltr'>usu·</span> 
     </span>
     <span class='ocr_line' id='line_1_56' title="bbox 1403 3185 2285 3249; baseline 0.001 -16"><span class='ocrx_word' id='word_1_384' title='bbox 1403 3187 1505 3247; x_wconf 80' lang='lat' dir='ltr'>ally</span> <span class='ocrx_word' id='word_1_385' title='bbox 1549 3185 1746 3249; x_wconf 85' lang='lat' dir='ltr'>added).</span> <span class='ocrx_word' id='word_1_386' title='bbox 1843 3186 1998 3235; x_wconf 85' lang='lat' dir='ltr'>Isocr.</span> <span class='ocrx_word' id='word_1_387' title='bbox 2059 3186 2285 3248; x_wconf 86' lang='lat' dir='ltr'>Philipp.</span> 
     </span>
     <span class='ocr_line' id='line_1_57' title="bbox 1403 3249 2282 3312; baseline 0 -13"><span class='ocrx_word' id='word_1_388' title='bbox 1403 3252 1464 3299; x_wconf 88' lang='lat'>93</span> <span class='ocrx_word' id='word_1_389' title='bbox 1487 3250 1530 3297; x_wconf 95' lang='lat' dir='ltr'>B</span> <span class='ocrx_word' id='word_1_390' title='bbox 1555 3249 1617 3298; x_wconf 80' lang='grc' dir='ltr'>ὧν</span> <span class='ocrx_word' id='word_1_391' title='bbox 1637 3253 1772 3299; x_wconf 79' lang='grc' dir='ltr'>οὐδὲν</span> <span class='ocrx_word' id='word_1_392' title='bbox 1791 3253 1948 3299; x_wconf 80' lang='grc' dir='ltr'>αὐτοῖς</span> <span class='ocrx_word' id='word_1_393' title='bbox 1971 3253 2282 3312; x_wconf 79' lang='grc' dir='ltr'>ἀποβέβηκεν.</span> 
     </span>
     <span class='ocr_line' id='line_1_58' title="bbox 1403 3313 2281 3375; baseline 0.002 -14"><span class='ocrx_word' id='word_1_394' title='bbox 1403 3313 1483 3361; x_wconf 89' lang='grc'>011</span> <span class='ocrx_word' id='word_1_395' title='bbox 1528 3314 1615 3362; x_wconf 88' lang='grc'><strong>1110</strong></span> <span class='ocrx_word' id='word_1_396' title='bbox 1660 3317 1895 3375; x_wconf 84' lang='lat' dir='ltr'>contrary</span> <span class='ocrx_word' id='word_1_397' title='bbox 1936 3314 2057 3364; x_wconf 88' lang='lat' dir='ltr'>Eur.</span> <span class='ocrx_word' id='word_1_398' title='bbox 2095 3315 2281 3363; x_wconf 89' lang='lat' dir='ltr'>Bacch.</span> 
     </span>
     <span class='ocr_line' id='line_1_59' title="bbox 1403 3379 2285 3442; baseline -0.001 -14"><span class='ocrx_word' id='word_1_399' title='bbox 1403 3380 1496 3429; x_wconf 90' lang='grc'><strong>909</strong></span> <span class='ocrx_word' id='word_1_400' title='bbox 1534 3381 1582 3427; x_wconf 74' lang='grc' dir='ltr'>αἱ</span> <span class='ocrx_word' id='word_1_401' title='bbox 1615 3381 1703 3439; x_wconf 79' lang='grc' dir='ltr'>μὲν</span> <span class='ocrx_word' id='word_1_402' title='bbox 1743 3379 1965 3442; x_wconf 78' lang='grc' dir='ltr'>(ἐλπίδες)</span> <span class='ocrx_word' id='word_1_403' title='bbox 2003 3383 2285 3429; x_wconf 82' lang='grc' dir='ltr'>τελευτῶσιν</span> 
     </span>
     <span class='ocr_line' id='line_1_60' title="bbox 1401 3443 2285 3507; baseline 0.001 -16"><span class='ocrx_word' id='word_1_404' title='bbox 1401 3445 1450 3491; x_wconf 86' lang='grc' dir='ltr'>έν</span> <span class='ocrx_word' id='word_1_405' title='bbox 1472 3445 1603 3504; x_wconf 79' lang='grc' dir='ltr'>ὄλβῳ</span> <span class='ocrx_word' id='word_1_406' title='bbox 1634 3446 1835 3506; x_wconf 82' lang='grc' dir='ltr'>βροτοῖς,</span> <span class='ocrx_word' id='word_1_407' title='bbox 1873 3446 1922 3491; x_wconf 77' lang='grc' dir='ltr'>αἱ</span> <span class='ocrx_word' id='word_1_408' title='bbox 1958 3443 1996 3491; x_wconf 86' lang='grc' dir='ltr'>δ’</span> <span class='ocrx_word' id='word_1_409' title='bbox 2036 3446 2285 3507; x_wconf 80' lang='grc' dir='ltr'>ἀπέβησαν</span> 
     </span>
     <span class='ocr_line' id='line_1_61' title="bbox 1403 3507 2027 3570; baseline 0.002 -16"><span class='ocrx_word' id='word_1_410' title='bbox 1403 3509 1614 3570; x_wconf 80' lang='lat' dir='ltr'>(depart,</span> <span class='ocrx_word' id='word_1_411' title='bbox 1642 3509 1824 3555; x_wconf 77' lang='lat' dir='ltr'>vanish</span> <span class='ocrx_word' id='word_1_412' title='bbox 1845 3507 2027 3570; x_wconf 79' lang='lat' dir='ltr'>away).</span> 
     </span>
    </p>

    <p class='ocr_par' dir='ltr' id='par_1_15' title="bbox 1401 3572 2285 3762">
     <span class='ocr_line' id='line_1_62' title="bbox 1465 3572 2283 3633; baseline 0.001 -15"><span class='ocrx_word' id='word_1_413' title='bbox 1465 3572 1577 3621; x_wconf 84' lang='lat'>365.</span> <span class='ocrx_word' id='word_1_414' title='bbox 1615 3574 1640 3631; x_wconf 67' lang='grc' dir='ltr'><strong><em>ξ</em></strong></span> <span class='ocrx_word' id='word_1_415' title='bbox 1666 3572 1744 3621; x_wconf 85' lang='grc'><strong>86.</strong></span> <span class='ocrx_word' id='word_1_416' title='bbox 1771 3573 1906 3619; x_wconf 80' lang='grc' dir='ltr'>πᾶσα</span> <span class='ocrx_word' id='word_1_417' title='bbox 1929 3574 2093 3631; x_wconf 79' lang='grc' dir='ltr'>ἀπάτη</span> <span class='ocrx_word' id='word_1_418' title='bbox 2117 3572 2283 3633; x_wconf 87' lang='grc' dir='ltr'>κ.τ.λ.]</span> 
     </span>
     <span class='ocr_line' id='line_1_63' title="bbox 1403 3635 2278 3698; baseline 0.002 -16"><span class='ocrx_word' id='word_1_419' title='bbox 1403 3639 1434 3663; x_wconf 88' lang='grc'>“</span> <span class='ocrx_word' id='word_1_420' title='bbox 1455 3635 1592 3683; x_wconf 84' lang='grc' dir='ltr'>Μο10</span> <span class='ocrx_word' id='word_1_421' title='bbox 1636 3636 1867 3698; x_wconf 79' lang='lat' dir='ltr'>(perfect,</span> <span class='ocrx_word' id='word_1_422' title='bbox 1911 3639 2083 3694; x_wconf 82' lang='lat' dir='ltr'>entire,</span> <span class='ocrx_word' id='word_1_423' title='bbox 2133 3644 2278 3696; x_wconf 77' lang='lat' dir='ltr'>utter,</span> 
     </span>
     <span class='ocr_line' id='line_1_64' title="bbox 1401 3699 2285 3762; baseline 0.001 -14"><span class='ocrx_word' id='word_1_424' title='bbox 1401 3701 1608 3761; x_wconf 59' lang='lat' dir='ltr'>nothing]</span> <span class='ocrx_word' id='word_1_425' title='bbox 1633 3701 1736 3762; x_wconf 78' lang='lat' dir='ltr'>bu-t)</span> <span class='ocrx_word' id='word_1_426' title='bbox 1754 3699 1886 3748; x_wconf 88' lang='lat' dir='ltr'>trick</span> <span class='ocrx_word' id='word_1_427' title='bbox 1900 3699 2002 3748; x_wconf 84' lang='lat' dir='ltr'>and</span> <span class='ocrx_word' id='word_1_428' title='bbox 2015 3700 2163 3749; x_wconf 78' lang='lat' dir='ltr'>fraud</span> <span class='ocrx_word' id='word_1_429' title='bbox 2184 3714 2285 3749; x_wconf 83' lang='lat' dir='ltr'>was</span> 
     </span>
    </p>
   </div>
  </div>
 </body>
</html>
