2667 4142
412 198 539 262 220
1031 194 1668 261 DEMOSTHENIS

410 347 650 432 ἀνδρῶν
676 348 1001 435 προδοτῶν
1040 350 1147 416 καὶ
1177 350 1339 420 θεοῖς
1375 350 1633 439 ἐχθρῶν.
1725 349 1938 429 ἐπειδὴ
1974 377 2183 416 τοινυν
2210 351 2286 418 τὸ

412 447 776 533 δωροδοκεῖν
819 449 1126 534 πρότερον
1161 455 1273 515 τοῦ
1314 450 1397 515 τὰ
1440 454 1702 515 τοιαῦτα
1747 455 1951 516 ποιεῖν
1993 453 2134 518 ἐστὶ
2177 454 2285 517 καὶ

412 547 489 612 δι’
529 549 725 614 ἐκεῖνο
771 549 874 614 καὶ
926 550 1076 614 τάδε
1122 550 1483 634 πράττουσί
1525 577 1699 629 τινες,
1734 549 1804 617 ὃν
1849 550 1929 617 ἂν
1972 551 2021 618 ὦ
2068 552 2304 640 ἄνδρες,

410 648 733 730 Ἀθηναῖοι
781 649 1244 735 δωροδοκοῦντα
1296 651 1479 730 ἴδητε,
1534 656 1759 717 τοῦτον
1816 654 1923 719 καὶ
1972 654 2287 740 προδότην

412 753 569 818 εἶναι
616 753 900 835 νομίζετε.
988 753 1045 819 εἰ
1090 751 1141 818 δ’
1190 752 1224 817 5
1274 755 1392 836 μὲν
1436 753 1684 836 καιροὺς
1730 754 1764 818 5
1811 755 1877 820 δὲ
1931 756 2287 841 πράγματα

412 853 446 918 5
497 854 565 919 δὲ
612 855 1006 941 στρατιώτας
1059 853 1459 939 προδίδωσιν,
1509 851 1595 919 ὧν
1651 853 1730 920 ἂν
1788 855 2052 925 ἕκαστος
2110 856 2287 937 οἶμαι

413 955 618 1042 κύριος
672 956 946 1037 γένηται,
1007 962 1208 1022 ταῦτα
1269 956 1629 1042 διαφθείρει·
1687 962 1899 1039 μισεῖν
1957 957 2007 1022 δ’
2058 959 2287 1041 ὁμοίως

275 1071 386 1144 269
412 1058 554 1127 τοὺς
599 1057 913 1127 τοιούτους
969 1057 1213 1127 πάντας
1270 1057 1595 1143 προσήκει.
1703 1058 1844 1123 ἔστι
1903 1057 1954 1122 δ’
2014 1059 2175 1141 ὑμῖν,
2235 1059 2287 1126 ὦ

413 1159 629 1246 ἄνδρες
685 1158 1025 1239 Ἀθηναῖοι,
1078 1158 1226 1243 περὶ
1283 1157 1520 1223 τούτων
1574 1158 1787 1242 μόνοις
1844 1163 1970 1226 τῶν
2024 1160 2291 1228 πάντων

413 1261 759 1349 ἀνθρώπων
804 1261 1052 1331 οἰκείοις
1108 1261 1393 1348 χρῆσθαι
1441 1261 1933 1347 παραδείγμασι,
1989 1265 2097 1330 καὶ
2144 1266 2290 1335 τοὺς

412 1363 771 1450 προγόνους,
804 1361 909 1435 οὓς
939 1364 1247 1429 ἐπαινεῖτε
1276 1362 1543 1442 δικαίως,
1577 1363 1737 1448 ἔργῳ
1765 1368 2116 1445 μιμεῖσθαι.
2179 1369 2291 1433 καὶ

413 1465 536 1550 γὰρ
585 1466 641 1531 εἰ
682 1465 771 1549 μὴ
811 1466 920 1535 τὰς
957 1466 1173 1553 μάχας
1209 1465 1368 1546 μηδὲ
1407 1467 1518 1535 τὰς
1565 1471 1899 1552 στρατείας
1941 1468 2100 1549 μηδὲ
2147 1471 2292 1541 τοὺς

416 1567 743 1645 κινδύνους,
777 1570 842 1632 ἐν
871 1568 963 1638 οἷς
1000 1568 1167 1649 ἦσαν
1197 1570 1417 1634 ἐκεῖνοι
1445 1569 1749 1654 λαμπροί,
1782 1572 2124 1653 συμβαίνει
2152 1600 2291 1638 και·

414 1668 534 1756 ρός,
567 1669 714 1735 ἀλλ’
746 1671 917 1753 ἄγεθ’
951 1671 1228 1758 ἡσυχίαν
1257 1670 1428 1752 ὑμεῖς
1464 1673 1527 1737 ἐν
1558 1676 1646 1757 τῷ
1673 1671 1956 1754 παρόντι,
2000 1672 2175 1738 ἀλλὰ
2214 1677 2292 1741 τό

279 1792 391 1851 270
416 1770 474 1853 γ’
506 1770 570 1837 εὖ
602 1777 850 1857 φρονεῖν
886 1770 1087 1837 αὐτῶν
1126 1775 1435 1855 μιμεῖσθε.
1524 1773 1747 1838 τούτου
1787 1774 1910 1858 γὰρ
1952 1785 2292 1867 πανταχοῦ
2319 1783 2443 1854 306

415 1874 618 1961 χρεία,
651 1874 758 1938 καὶ
796 1872 970 1939 οὐδέν
1005 1875 1144 1939 ἐστι
1181 1874 1831 1961 πραγματωδέστερον
1860 1876 1986 1941 οὐδ’
2018 1876 2293 1967 ὀχληρό-

420 2065 576 2123 είδῆτε
613 2063 770 2124 Marg.
806 2061 903 2110 Ed.
943 2062 1113 2112 Latet.
1180 2062 1296 2112 Vid.
1338 2062 1402 2111 ad
1438 2065 1462 2122 ξ
1504 2062 1612 2112 284.
1621 2063 1872 2111 ——Post
1916 2066 2129 2122 ἕκαστος,
2162 2067 2297 2126 ὑμῶν

416 2128 548 2188 vulg.
595 2129 713 2175 ante
755 2127 938 2175 Rmsx.
982 2127 1069 2188 qui
1123 2142 1240 2175 eum
1283 2126 1366 2175 Al.
1402 2126 1481 2176 ΑΒ.
1550 2127 1740 2175 omisit.
1805 2128 2077 2178 Revocavit
2118 2131 2292 2179 anx.

420 2194 490 2253 [et
515 2193 600 2253 st.]
625 2205 653 2239 e
674 2192 730 2241 F.
763 2191 814 2240 S.
838 2192 899 2239 Y.
920 2192 976 2252 Q.
1003 2193 1041 2239 t.
1066 2207 1112 2241 v.
1182 2192 1390 2240 Habent
1424 2191 1581 2239 etiam
1604 2191 1701 2238 En.
1727 2191 1905 2240 Tamo.
1930 2194 2087 2241 Dum.
2111 2194 2285 2245 Velm,

416 2255 669 2317 Equidem
712 2255 886 2313 omisi;
934 2254 1055 2316 quid
1097 2256 1237 2304 enim
1284 2255 1384 2303 sibi
1422 2254 1562 2312 velit,
1596 2269 1780 2316 parum
1816 2256 1992 2316 liquet.
2064 2258 2196 2306 Puto
2227 2259 2291 2307 li-

421 2320 615 2368 brarios
657 2319 954 2377 inseruisse,
988 2320 1170 2380 quibus
1204 2322 1268 2368 τὰ
1307 2321 1583 2380 δικαστήρια
1612 2322 1800 2367 πάντων
1831 2320 1965 2383 κύρια
2003 2324 2121 2370 εἶναι
2154 2338 2292 2371 oom-

417 2386 620 2445 pertum
664 2388 786 2433 erat.
863 2383 962 2432 Sed
1006 2383 1069 2432 ὧν
1106 2386 1302 2433 ἕκαστος
1340 2383 1469 2443 ὑμῶν
1502 2383 1653 2445 κύριός
1687 2386 1790 2433 ἐστι
1833 2384 2043 2433 dixisset
2088 2386 2292 2447 Orator,

418 2462 581 2509 neque
602 2451 715 2496 tum
737 2462 842 2496 non
863 2447 1037 2508 inepte
1059 2447 1340 2498 adderetur.
1401 2448 1575 2495 Potest
1598 2448 1754 2495 etiam
1783 2448 1907 2507 ὑμῶν
1926 2452 2130 2511 propter
2161 2454 2293 2511 οἶμαι

418 2514 753 2587 irrepsisse-13
787 2527 838 2574 et
867 2515 922 2575 ἦ
943 2524 1184 2576 confusia.
1255 2525 1401 2573 Infra
1437 2528 1617 2576 πάντας
1653 2526 1704 2576 S.
1748 2526 1797 2577 k.
1849 2541 1888 2578 s,
1921 2529 2001 2579 Al.
2072 2530 2295 2580 ἅπαντας

418 2591 672 2715 νωξοὲοᾰ
746 2656 822 2702 και
860 2656 957 2716 γὰρ
990 2668 1087 2703 om„
1116 2652 1172 2703 F.
1201 2652 1258 2703 Y.
1283 2653 1339 2714 Q.
1364 2655 1400 2703 t.
1424 2668 1470 2703 v.
1499 2653 1556 2703 B.
1587 2653 1645 2701 in
1675 2672 1751 2717 γρ.
1783 2654 1938 2704 habet
1977 2656 2026 2707 S.
2056 2671 2156 2708 om.
2186 2658 2286 2709 En.

421 2718 956 2780 Tama—<manas
976 2718 1024 2767 k.
1050 2732 1087 2767 r.
1119 2731 1157 2767 e.
1187 2716 1266 2767 Al.
1351 2718 1506 2779 Marg.
1540 2718 1627 2768 Ed.
1657 2719 1824 2770 Lutet.
1908 2719 2020 2771 vid.
2050 2721 2155 2781 ad§
2174 2724 2286 2773 278.

418 2785 795 2844 -συμβαίνει
817 2784 973 2844 καιρὸς
988 2781 1043 2831 F.
1076 2781 1124 2830 S.
1155 2781 1212 2831 Y.
1253 2781 1312 2842 Q.
1342 2795 1389 2831 v.
1463 2785 1735 2842 συμβαίνειν
1770 2784 1927 2846 καιρὸς
1947 2787 1983 2834 t.
2028 2788 2076 2834 ἐν
2096 2789 2194 2836 τοῖς
2216 2788 2298 2834 νῦν

421 2850 666 2921 συμβαίνει
688 2848 934 2959 μιμεῖἒθαι
960 2848 1135 2906 καιροῖς
1167 2846 1332 2905 vulgO.
1408 2849 1457 2895 ἐν
1487 2849 1586 2895 τοῖς
1625 2848 1702 2895 νῦν
1735 2852 1984 2912 συμβαίνει
2013 2854 2187 2913 καιροῖς
2220 2866 2290 2901 m.

422 2925 517 2962 see.
546 2925 604 2958 m
640 2924 796 2971 marg.
865 2947 877 2960 .

421 3073 686 3124 Phoeniss.
704 3074 782 3135 91,
814 3073 1053 3123 Sehaefer
1065 3076 1119 3123 to
1136 3074 1306 3122 Melet.
1409 3073 1532 3121 with
1558 3073 1797 3123 Schaefer
1818 3073 1875 3122 in
1891 3075 2131 3136 omitting
2155 3077 2298 3134 ὑμῶν.

421 3139 592 3188 Oritie.
632 3154 682 3200 p.
725 3139 835 3195 111,
873 3138 1040 3187 where
1083 3139 1149 3186 he
1182 3138 1306 3186 cites
1473 3140 1498 3196 ἓ
1532 3140 1642 3186 305.
1711 3141 1788 3187 καὶ
1818 3143 1916 3201 γὰρ
1951 3143 1992 3188 εί
2021 3139 2091 3199 μή
2128 3143 2299 3202 κ.τ.λ.]

421 3205 551 3251 Plat.
569 3203 713 3264 Apol.
743 3204 804 3251 28
826 3203 887 3252 E.
1414 3208 1443 3231 ‘⁴
1463 3202 1564 3249 For
1586 3216 1710 3250 even
1735 3202 1778 3249 if
1811 3205 1885 3263 (to
1907 3203 2125 3267 imitate)
2162 3204 2302 3253 their

485 3269 594 3318 427.
623 3270 649 3327 5
671 3267 782 3315 304.
850 3270 890 3315 εἰ
913 3267 952 3315 δ’
976 3267 1001 3315 ὁ
1021 3268 1105 3326 μὲν
1127 3269 1310 3329 καιρούς
1410 3266 1612 3326 battleS,
1660 3266 1797 3314 their
1833 3266 2164 3328 expeditione,
2210 3269 2302 3318 the

423 3352 463 3381 κ.
473 3333 598 3391 τ.λ]
660 3336 691 3358 “
709 3330 760 3377 If
808 3345 903 3378 one
961 3330 1162 3392 betrays
1221 3345 1306 3391 op·
1410 3329 1631 3378 hazards
1652 3330 1878 3379 wherein
1903 3330 2027 3393 they
2047 3346 2175 3380 were
2199 3333 2300 3381 dis·

421 3393 743 3457 portunitiee,
788 3395 1003 3442 another
1049 3395 1306 3452 interestS,
1408 3393 1917 3455 tinguiehed———an
1970 3397 2303 3457 opportunity

424 3457 640 3506 another
682 3457 904 3518 soldierS,
939 3459 1088 3506 those
1130 3457 1308 3519 things
1409 3458 1530 3506 does
1551 3460 1644 3505 not
1664 3473 1777 3505 now
1799 3472 1964 3518 oeeur,
1982 3460 2073 3508 but
2092 3475 2195 3521 you
2216 3476 2302 3510 are

425 3521 479 3568 of
499 3519 666 3567 which
687 3521 810 3568 eaeh
825 3536 944 3582 may
959 3522 1089 3570 have
1105 3522 1311 3570 become
1411 3526 1465 3570 at
1493 3536 1644 3583 peace
1671 3525 1723 3570 at
1746 3522 1835 3571 the
1857 3528 2061 3584 present
2080 3524 2223 3584 time,
2246 3528 2301 3573 at

426 3597 660 3643 supreme
682 3598 935 3644 manager‚
960 3586 1105 3633 these
1127 3586 1193 3633 he
1226 3586 1310 3634 de·
1411 3586 1540 3634 least
1560 3586 1760 3634 imitate
1792 3588 1927 3635 their
1950 3588 2078 3648 good
2102 3591 2300 3638 sense-'⁹

426 3644 646 3708 stroyS.''
712 3647 739 3693 I
782 3649 969 3697 cannot
1024 3649 1117 3697 but
1171 3664 1314 3711 agree
1412 3650 1505 3699 See
1526 3651 1683 3699 below
1704 3665 1771 3700 on
1794 3654 1819 3711 ξ
1842 3652 1951 3702 331.

2316 1082 2435 1141 305

2613 1889 2629 1950 A&
