2667 4142
772 218 892 283 DE
949 219 1237 285 FALSA
1294 220 1822 286 LEGATIONE.
2115 220 2243 289 117

364 377 454 459 τῷ
482 374 745 459 πολέμῳ
786 375 893 440 καὶ
930 375 1326 459 ἡττωμένοις,
1361 375 1508 466 εἶτα·
1537 381 1663 442 τῶν
1699 379 1942 464 ἐχθρῶν
1973 376 2247 441 Φωκέων

361 477 558 565 ἄρδην
603 478 860 566 ὄλεθρος
902 481 1009 546 καὶ
1049 481 1219 547 ὅλων
1255 485 1381 547 τῶν
1420 486 1649 571 τειχῶν
1684 482 1792 548 καὶ
1833 484 1955 547 τῶν
1995 479 2246 545 πόλεων

359 580 698 664 ἀναίρεσις.
789 581 914 666 ἆρα
949 582 1056 648 καὶ
1089 583 1252 665 μόνα
1287 588 1518 665 ταῦτα;
1567 582 1638 648 οὐ
1675 584 1769 666 μὰ
1807 581 1931 660 Δί’,
1968 582 2116 647 ἀλλ’
2148 581 2244 647 ἔτι

357 682 515 769 πρὸς
558 683 798 752 τούτοις
826 683 1229 771 Ὀρχομενός,
1270 685 1615 771 Κορώνεια,
1658 685 1955 770 Κορσιαί,
1988 684 2062 748 τὸ
2090 686 2243 749 Τιλ-

358 790 711 870 φωσσαῖον,
746 789 857 866 τῆς
887 789 1011 851 τῶν
1042 787 1322 852 Φωκέων
1351 786 1565 876 χώρας
1597 786 1844 865 ὁπόσην
1872 787 2239 866 βούλονται.

229 903 325 963 155
356 893 487 957 τοῖς
528 888 645 968 μὲν
689 884 762 968 δὴ
809 888 1123 968 Θηβαίοις·
1166 889 1344 954 ταῦτ’
1389 891 1460 954 ἐκ
1502 893 1614 972 τῆς
1674 889 1915 976 εἰρήνης
1971 890 2243 971 «γέγονεν,
2273 912 2379 965 14²

357 987 440 1053 ὦν
483 987 609 1053 οὐδ’
653 988 734 1053 ἂν
773 990 1054 1071 εὔξαιντο
1098 989 1307 1071 δήπου
1340 992 1608 1072 μείζονα·
1653 998 1782 1061 τοῖς
1820 992 1887 1057 δὲ
1915 993 2243 1072 πρέσβεσι.

353 1096 485 1162 τοῖς
518 1097 646 1158 τῶν
684 1093 993 1174 Θηβαίων
1033 1096 1102 1158 τί
1115 1118 1131 1174 ;
1180 1094 1360 1159 οὐδὲν
1402 1095 1577 1175 πλὴν
1621 1095 1693 1160 τὸ
1736 1095 1974 1160 τούτων
2018 1095 2242 1165 αἰτίοις

352 1198 730 1280 «γεγενῆσθαι
800 1200 880 1280 τῇ
939 1197 1220 1283 πατρίδι·
1295 1201 1479 1263 τοῦτο
1539 1197 1606 1263 δὲ
1659 1198 1858 1263 καλὸν
1917 1196 1965 1263 ῶ
2024 1196 2243 1283 ἄνδρες

351 1299 677 1379 Ἀθηναῖοι
722 1300 828 1364 καὶ
873 1299 1101 1376 σεμνὸν
1144 1300 1231 1371 εἰς
1276 1299 1498 1387 ἀρετῆς
1540 1300 1733 1380 λόγον
1776 1300 1884 1365 καὶ
1929 1300 2124 1383 δόξης,
2166 1297 2242 1381 ἢν

352 1403 523 1469 οὗτοι
559 1404 905 1492 χρημάτων
952 1401 1278 1469 ἀπέδοντο.
1369 1403 1716 1485 ἀντιθῶμεν
1759 1402 1853 1484 δή,
1901 1402 1964 1468 τί
2007 1406 2085 1486 τῇ
2115 1407 2241 1468 τῶν

350 1505 710 1587 Ἀθηναίων
751 1507 943 1571 πόλει
986 1506 1241 1590 «γένγονεν
1284 1508 1356 1572 ἐκ
1397 1510 1512 1588 τῆς
1556 1506 1800 1590 εἰρήνης
1850 1505 1959 1571 καὶ
2001 1505 2070 1572 τί
2107 1509 2239 1575 τοῖς

352 1735 612 1809 ἀναιρέσεις
635 1733 683 1783 Β.
714 1733 871 1781 Dum.
939 1733 1065 1780 Infr.
1095 1752 1294 1795 κορωνια
1314 1732 1425 1797 (sio)
1454 1733 1505 1783 s.
1539 1733 1669 1795 φής,
1694 1735 1786 1782 162
1812 1698 2048 1797 κορωῖιαν.
2112 1735 2235 1798 Kop-

352 1817 434 1847 σια
458 1801 570 1860 (alc)
599 1799 650 1849 S.
718 1800 905 1860 Κορσιὰ.
926 1798 1027 1844 En.
1070 1797 1250 1846 Tumc.
1282 1799 1444 1846 Dmn.
1514 1800 1700 1862 Κορσία
1732 1799 1904 1849 Volm.
1967 1798 2067 1849 Sed
2111 1800 2234 1862 Kop-

351 1866 451 1913 σιαὶ
488 1863 790 1923 Harpocrat.
828 1862 977 1910 Diod.
1022 1862 1177 1911 Sicul.
1211 1877 1311 1912 ΧΠ.
1349 1864 1429 1912 58.
1495 1864 1706 1922 Κορσεία
1737 1863 1974 1911 Boeotiae
2019 1865 2236 1923 πόλισμα

349 1927 585 1976 nominat
612 1927 833 1976 Pausan.
869 1941 938 1976 11.
966 1926 1046 1982 24,
1070 1927 1117 1975 5.
1184 1927 1356 1975 Aliam
1389 1929 1602 1990 Κορσεαὶ
1642 1942 1683 1975 s.
1725 1929 1911 1989 Κορσία
1951 1943 1994 1978 s,
2031 1929 2236 1990 Κόρσιαι

372 1993 598 2040 insulam
651 1991 798 2052 juxta
855 1991 1070 2040 Samum
1125 1991 1298 2054 sitam)
1345 1993 1633 2040 memorant
1690 1992 1866 2053 Steph.
1921 1991 2135 2052 Byzant.
2183 1994 2234 2040 et

391 2056 519 2105 trab.
545 2069 652 2103 XIV.
680 2055 773 2105 943
795 2055 859 2103 D.
929 2058 1232 2116 Τιλφώσαιον
1251 2056 1310 2103 F.
1332 2056 1391 2117 Q.
1417 2071 1464 2104 V.
1491 2059 1685 2105 -ωσαΐον
1706 2056 1756 2104 k.
1781 2071 1823 2104 r.
1844 2071 1884 2107 S.
1913 2055 1995 2106 Al.
2044 2060 2236 2106 -ασαῖον

348 2121 429 2171 A2.
497 2119 614 2168 vid.
639 2118 706 2168 ad
730 2123 756 2179 ἓ
783 2120 888 2168 162.

444 2189 472 2246 5
496 2186 607 2234 155.
682 2186 943 2247 τρέσβευσι
990 2183 1091 2243 (hic
1137 2185 1189 2232 et
1224 2185 1347 2232 infr.
1385 2187 1409 2244 g
1456 2184 1569 2248 159)
1615 2183 1695 2234 A'2.
1765 2189 1796 2212 “
1816 2183 2049 2232 Varietas
2092 2183 2234 2233 haud

346 2248 662 2310 infrequens,
730 2249 788 2298 V.
815 2251 924 2295 not.
950 2247 1016 2296 ad
1036 2263 1082 2298 v,
1116 2250 1194 2307 14,
1231 2248 1296 2297 ad
1322 2263 1374 2310 p.
1412 2251 1524 2308 375,
1565 2250 1641 2298 21.
1716 2249 1828 2306 386,
1853 2250 1898 2299 2.
1972 2251 2216 2312 πρέσβευσ

349 2314 434 2428 gtL
487 2315 770 2377 πρεσβεῢσι]
808 2314 944 2361 recte
988 2312 1202 2361 damnat
1245 2313 1528 2362 Lobeckius
1584 2312 1651 2362 ad
1687 2312 1965 2374 Phrynich.
2017 2327 2067 2374 p.
2118 2313 2231 2364 693²

387 2392 568 2428 amr.

349 2555 524 2616 Comp.
575 2553 639 2602 de
683 2552 867 2601 Ceron.
898 2566 949 2613 p.
986 2553 1080 2600 231
1113 2554 1139 2613 5
1175 2552 1236 2601 19
1339 2550 1443 2600 and
1463 2549 1805 2613 reputation‚''
1827 2564 1884 2598 as
1905 2549 2101 2597 Arnold
2120 2551 2234 2599 well

349 2622 408 2671 ὡς
452 2623 506 2669 δὲ
546 2620 1128 2679 ταλαιπωρούμενοι
1172 2617 1246 2677 τῷ
1338 2616 1611 2664 translates
1633 2615 1722 2663 the
1756 2614 1953 2664 similar
1984 2615 2146 2662 words
2180 2617 2234 2663 of

346 2688 484 2745 μήκει
529 2687 615 2732 τοῦ
663 2685 872 2741 πολέμου
915 2685 958 2730 οἱ
1001 2683 1113 2730 τότε
1154 2683 1241 2740 μὲν
1341 2679 1563 2741 Thucyd-
1610 2695 1692 2728 111.
1738 2680 1818 2737 46,
1855 2678 2054 2739 though
2106 2680 2231 2728 with

346 2751 508 2813 βαρεῖς
527 2752 607 2797 νῦν
628 2748 667 2797 δ’
694 2751 884 2807 ἀτυχεῖς
906 2748 1107 2807 Θηβαῖοι
1131 2746 1238 2806 (the
1340 2759 1481 2792 some
1521 2759 1833 2805 appearance
1871 2743 1924 2791 oi
1957 2743 2230 2792 inconsist-

349 2813 532 2876 speech
553 2826 658 2861 was
680 2812 873 2872 spoken
891 2812 1021 2859 after
1042 2810 1132 2858 the
1155 2809 1237 2857 de·
1339 2823 1467 2870 ency
1509 2809 1574 2857 he
1628 2808 1805 2856 thinks
1844 2807 1935 2856 the
1981 2807 2233 2857 Scholiast

346 2876 600 2927 struction
621 2876 674 2924 of
706 2876 904 2924 Thebes
938 2876 1004 2936 by
1024 2875 1238 2922 Alexan-
1339 2887 1509 2933 wrong
1545 2874 1601 2921 in
1644 2873 1939 2934 explaining
1977 2875 2125 2935 λόγον
2167 2873 2236 2955 by

348 2942 453 3005 der)
480 2942 676 3004 φανεροὶ
711 2942 856 2990 πᾶσιν
880 2940 1004 2999 ἦσαν
1026 2941 1236 2999 ἀναγκα-
1342 2936 1681 2999 ἀπαρίθμτσιν.
1751 2937 1990 2986 Schaefer
2025 2951 2142 2997 says
2176 2957 2230 2985 α-

347 3010 632 3067 σθησόμενοι
654 3008 974 3067 καταφεύγειν
1007 3003 1082 3063 ἐφ’
1121 3003 1238 3060 ὑμᾶς
1340 3005 1456 3065 ρετὴ
1500 3000 1604 3050 and
1640 3004 1752 3060 δόξα
1785 3016 1872 3049 are
1915 3015 2229 3063 synonyme:

347 3075 492 3121 κ.τ.λ.
532 3070 636 3119 and
678 3070 883 3118 Isocrat.
919 3067 1141 3128 Philipp.
1187 3082 1238 3128 p.
1339 3065 1434 3114 i.e.
1481 3065 1627 3128 ἀρετὴ
1670 3066 1716 3112 is
1762 3067 1873 3125 (not
1914 3066 2078 3114 virtue
2123 3066 2232 3122 but)

347 3137 410 3186 93
430 3135 697 3194 Ῑ).--τῆς
719 3134 812 3182 τῶν
839 3136 1038 3181 Φωκέων
1059 3132 1238 3194 χώρας]
1341 3132 1423 3178 the
1465 3132 1600 3178 meed
1645 3130 1707 3190 of
1750 3132 1930 3188 virtue,
1969 3132 2130 3192 9lory,
2175 3144 2232 3178 as

349 3199 444 3250 See
488 3201 515 3259 ᾗ
558 3200 669 3248 139.
738 3199 832 3245 “It
869 3197 914 3245 is
956 3197 1049 3245 not
1104 3197 1240 3244 clear
1342 3194 1568 3255 Thucyd.
1607 3208 1641 3244 1.
1689 3196 1752 3241 33
1797 3197 2009 3255 φέρουσα
2055 3197 2101 3243 ἐς
2148 3197 2234 3253 μὲν

345 3264 578 3313 whether
614 3262 722 3310 this
757 3263 1033 3310 statement
1070 3260 1238 3308 which
1340 3262 1449 3309 τοὺς
1503 3261 1711 3308 πολλοὺς
1764 3258 1952 3321 αἱρετήν.
2087 3257 2232 3307 οὗτοι·

346 3328 413 3378 he
431 3327 842 3392 [Demosthenes]
860 3325 1241 3385 makesinvery
1347 3321 1674 3371 “Aeschines
1728 3322 1833 3370 and
1892 3322 1974 3371 his
2027 3326 2196 3385 party,

346 3407 508 3455 vagus
532 3394 593 3452 (7)
648 3391 911 3452 langue-ge,
966 3391 1013 3438 is
1067 3392 1122 3437 to
1176 3388 1239 3436 be
1339 3386 1507 3436 which
1528 3387 1571 3435 it
1592 3387 1758 3435 would
1780 3387 1842 3436 be
1862 3386 2046 3448 hardly
2061 3401 2232 3435 neces-

348 3459 505 3507 taken
536 3456 595 3504 in
619 3470 649 3505 a
671 3455 842 3504 literal
864 3469 1028 3514 sense,
1058 3468 1116 3501 or
1135 3452 1242 3502 had
1342 3466 1460 3512 sary
1506 3454 1560 3499 to
1614 3451 1832 3508 remark,
1888 3451 1931 3499 if
1963 3450 2234 3500 Markland

350 3537 452 3583 any
505 3518 859 3569 foundation.”
926 3518 1129 3568 Thirlw.
1191 3532 1239 3565 V.
1339 3516 1443 3564 had
1456 3518 1547 3564 not
1566 3516 1892 3577 erroneonsly
1909 3516 2233 3577 conjectured

350 3587 462 3638 376.
1340 3584 1425 3630 οὐκ
1469 3580 1711 3630 ἀπέδοντο.
1850 3580 2108 3639 ἀντιθῶμεν
2152 3580 2231 3640 δή]

414 3654 440 3712 ἕ
478 3650 590 3699 155.
659 3650 724 3699 εἰς
761 3650 929 3712 ἀρετῆς
971 3647 1122 3709 λόγον
1163 3646 1243 3695 καὶ
1340 3645 1564 3694 Um’nmz
1598 3645 1754 3693 ταῦτά
1790 3646 1921 3694 ἐστιν
1960 3647 1993 3693 α’,
2028 3647 2163 3703 λέγει
2208 3645 2233 3692 ὁ

353 3716 506 3778 δόξης]
539 3719 572 3743 “
590 3714 671 3764 On
700 3714 791 3781 the
823 3728 958 3764 ποτε
997 3712 1051 3761 οἱ
1090 3710 1245 3759 merit
1336 3711 1567 3772 Αἰσχίνης
1608 3711 1822 3771 κακοήθη
1861 3710 2081 3758 ἀντίθετα
2116 3710 2233 3757 εἶναι
