2667 4142
183 822 294 879 391

737 232 858 296 DE
915 231 1197 296 FALSA
1252 232 1777 297 LEGATIONE.
2075 234 2201 299 273

325 389 431 455 καὶ
469 390 731 477 φρόνημ’
765 390 971 479 ἔχονθ’
1002 391 1160 476 ὑπὲρ
1198 392 1315 474 μὲν
1356 392 1525 474 ὑμῶν
1561 392 1741 475 μέγα,
1772 389 1927 477 πρὸς
1958 388 2010 454 δ’
2041 388 2200 471 ὑμᾶς

325 494 479 571 ἴσον,
515 492 731 581 ὥσπερ
763 495 882 578 ἐγώ
906 495 1243 560 Φίλιππον
1269 494 1386 576 μὲν
1423 495 1435 582 Ι
1472 494 1584 560 οὐκ
1613 495 1955 575 ἐθαύμασα,
1980 491 2124 561 τοὺς
2147 491 2198 564 δ’
2233 499 2364 565 450

304 594 768 681 ἀἰχμαλώτους
808 596 1155 679 ἐθαύμασα,
1205 596 1443 673 ἔσωσα,
1488 595 1663 661 οὐδὲν
1706 594 2196 674 ὑπεστειλάμην.

324 693 501 767 οὗτος
530 696 582 760 δ’
614 700 848 764 ἐκείνου
879 699 997 781 μὲν
1042 698 1554 782 προὺκυλινδεῖτο
1598 699 1702 763 καὶ
1747 697 1888 767 τοὺς
1928 698 2198 765 παιᾶνας

323 796 482 880 ᾖδεν,
532 798 702 881 ὑμῶν
749 799 800 864 δ’
848 799 1182 885 ὑπερεώρα.
1272 801 1368 867 ἔτι
1413 799 1623 866 τοίνυν
1670 799 1819 864 ὅταν
1863 798 1978 880 μὲν
2029 796 2200 875 ἴδητε
2243 823 2277 881 3
2286 824 2361 880 39

324 897 645 979 δεινότητα
686 900 722 981 ἢ
768 900 1080 989 εὐφωνίαν
1119 903 1160 984 ἤ
1195 930 1258 968 τι
1305 907 1430 967 τῶν
1472 903 1692 967 ἄλλων
1737 905 1860 966 τῶν
1903 898 2203 966 τοιούτων

322 999 578 1081 ἀγαθῶν
623 1003 730 1068 ἐπὶ
778 1009 1064 1092 χρηστοῦ
1111 1006 1218 1070 καὶ
1267 1006 1612 1087 φιλοτίμου
1652 1005 2056 1087 (γεγενημένον
2096 1000 2200 1067 dv-

325 1103 594 1186 θρώπου,
629 1106 1002 1193 συγχαίρειν
1041 1106 1146 1170 καὶ
1185 1111 1527 1172 συνασκεῖν
1561 1106 1805 1176 πάντας
1847 1107 1957 1171 δεῖ·
2001 1106 2203 1170 κοινὸν

322 1205 447 1291 1’γὰρ
472 1206 615 1287 ὑμῖν
642 1211 809 1273 πᾶσι
838 1214 967 1279 τοῖς
996 1210 1218 1279 ἄλλοις
1250 1208 1416 1274 τοῦτ’
1448 1208 1684 1292 ἀγαθὸν
1710 1208 2007 1289 1γίγνεται·
2051 1206 2203 1271 ὅταν

325 1306 378 1371 δ’
438 1308 545 1371 ἐπὶ
605 1308 950 1395 δωροδόκου
1007 1310 1112 1376 καὶ
1170 1314 1447 1396 πονηροῦ
1505 1311 1610 1375 καὶ
1664 1310 1914 1380 παντὸς
1944 1308 2203 1390 ἥττονος

324 1408 669 1490 λήμματος,
703 1410 1063 1477 ἀποκλείειν
1092 1412 1195 1476 καὶ
1223 1415 1460 1498 πικρῶς
1484 1412 1588 1476 καὶ
1612 1410 1905 1479 ἐναντίως
1934 1409 2200 1488 ἀκούειν,

331 1509 412 1581 ὥς
434 1512 705 1599 πονηρία
727 1511 1039 1595 δυνάμεως
1063 1513 1248 1596 δόξαν
1270 1513 1565 1600 εὑρομένη
1589 1511 1739 1599 παρ’
1765 1511 1936 1594 ὑμῶν
1957 1512 2064 1577 ἐπὶ
2089 1510 2203 1592 τὴν

331 1733 484 1779 καίτοι
518 1734 572 1779 οὑ
604 1734 756 1791 δήπου
785 1734 869 1781 τὸν
891 1735 977 1792 μὲν
997 1735 1146 1781 παῖδα
1154 1772 1269 1783 ......
1276 1731 1358 1782 οὐκ
1383 1734 1437 1780 ἂν
1460 1735 1623 1792 ἠδίκει,
1648 1735 1705 1783 σὲ
1737 1735 1801 1790 δέ,
1841 1731 1931 1779 ubi
1964 1730 2019 1780 οὑ
2051 1731 2203 1790 δήπου

331 1798 388 1844 σὲ
429 1799 516 1854 μὲν
549 1798 604 1844 ἂν
647 1800 807 1855 ἠδίκει,
845 1800 927 1846 τὸν
971 1800 1022 1846 δὲ
1060 1800 1212 1846 παῖδα
1244 1802 1297 1845 οὔ
1341 1799 1678 1858 expectabam.

329 1862 448 1907 ante
482 1860 649 1907 Bm.
720 1861 933 1909 Servant
954 1862 1009 1909 F.
1040 1862 1096 1922 Q.
1125 1877 1163 1911 r.
1194 1864 1233 1909 t.
1268 1876 1318 1910 u.
1356 1876 1400 1910 V.
1470 1864 1547 1909 καὶ
1580 1860 1710 1910 οὐδὲν
1742 1863 1793 1909 k.
1827 1875 1865 1910 8.
1911 1860 1989 1910 Al.

333 1923 466 1987 (post
510 1923 694 1987 προὺκ,)
736 1940 837 1973 0111.
882 1940 957 1985 pr.
1007 1926 1058 1974 S.
1104 1926 1272 1975 VOEM.

330 1987 503 2035 Cobet.
531 1990 659 2035 Nov.
689 1989 825 2039 Leet.
854 2004 903 2050 p.
933 1990 1202 2040 637-639.

331 2055 421 2100 aut
465 2056 766 2112 καλινδοῦμαι
809 2053 995 2101 dixisse
1048 2053 1335 2101 videntur.’'

331 2116 472 2164 enim
527 2116 689 2165 dicere
744 2116 988 2175 desidem,
1043 2117 1153 2165 Viri
1200 2117 1499 2165 1)οο1;18811111
1553 2116 1913 2177 arrogantiam.

1812 1796 1939 1845 οὐδὲν
1973 1799 2024 1848 δὲ
2056 1797 2191 1856 vulg.

2123 1863 2199 1908 καὶ

1361 1925 1750 1993 προύκαλινδεῖτο
1806 1925 1851 1973 si
1893 1940 2012 1972 vera
2056 1924 2201 1973 docet

1276 1990 1488 2037 “Attici
1511 1988 1601 2037 out
1635 1992 1835 2037 κυλίνδω
1857 1992 1907 2037 et
1931 1992 2202 2048 κυλίνδομαι

1425 2054 1622 2114 Quaero
1665 2053 1762 2101 hoo
1804 2053 1860 2100 in
1903 2054 2029 2110 loco,
2080 2055 2201 2101 nolo

1983 2121 2197 2191 “προκυ-

330 2183 546 2238 λίνδομαι
579 2183 630 2228 et
681 2185 1074 2243 προκαλινδοῦμαι
1112 2182 1183 2229 sio
1216 2182 1474 2241 differunt,
1523 2184 1582 2228 ut
1614 2181 1712 2229 hoo
1746 2184 2004 2230 adulantis
2050 2182 2116 2229 sit
2149 2183 2201 2229 et

332 2246 609 2305 adorantis,
654 2244 783 2293 illud
817 2247 1095 2307 supplicis’'
1142 2248 1206 2306 (Ρ.
1235 2246 1368 2308 639).
1434 2217 1620 2293 Eidem
1652 2246 1905 2293 assentior
1936 2245 2200 2307 pronunti-

333 2309 446 2357 anti
495 2310 764 2357 “formam
808 2313 952 2358 κυλίω
994 2310 1250 2360 veteribus
1304 2309 1628 2357 inauditam’'
1680 2309 1747 2372 (p.
1796 2309 1929 2373 637).
1998 2313 2202 2359 παιάνας

337 2371 513 2423 S..A¹

585 2374 705 2421 Mox
763 2376 982 2435 ὑπεροραι
1035 2373 1144 2439 (Sic)
1205 2374 1258 2423 S.
1306 2374 1396 2422 sed
1428 2373 1559 2434 vulg.
1618 2387 1648 2421 a
1669 2376 2202 2436 111.Βθο.ὑπερώραι

334 2436 394 2485 Υ.
420 2438 481 2486 Ο.
548 2435 773 2498 Itaque
754 2456 956 2500 υπερορᾳ
979 2438 1477 2487 ED.'I¹01310.V013:M.
1518 2438 1681 2486 ΒΕΚΚ.
1708 2440 1771 2485 st.

430 2503 591 2562 5391.
658 2505 814 2561 εἰδῆτε
845 2505 896 2549 k.
921 2516 961 2549 S.
999 2502 1177 2552 em.A1.

336 2584 491 2615 απασι
512 2567 678 2627 vulgo·

328 2757 355 2814 ἓ
400 2753 495 2801 114
534 2753 644 2799 ἀλλ’
691 2751 882 2800 ἐπειδάν
931 2768 1003 2800 τις
1051 2752 1218 2800 ἑαυτὸν

328 2820 497 2867 πείσας
521 2818 743 2864 δύνασθαι
766 2818 1024 2877 προσέλθῃ.

393 2883 502 2930 450.
548 2881 716 2940 5390.
791 2880 1057 2940 ἐθαύμασα]
1123 2878 1217 2928 See

330 2943 1217 2994 Buttm.1nd.Mid.1>⁷rwm-

330 3007 810 3070 λάμην)“11111·18ᾶ
830 3022 918 3068 my
934 3007 1106 3072 sans?
1131 3007 1164 3055 i.
1170 3022 1212 3057 e.

330 3073 358 3120 I
381 3072 690 3131 declined,1
720 3071 948 3130 avoided,
972 3067 1013 3118 I
1023 3071 1220 3119 shrunk

330 3138 460 3186 back
481 3138 628 3186 from.
696 3136 805 3184 The
838 3107 974 3183 wor’d
1010 3135 1105 3183 has
1139 3149 1216 3183 oo-

332 3200 514 3249 ourred
565 3200 708 3248 twice
769 3198 949 3248 above.
1015 3215 1066 3261 Ρ.
1123 3201 1219 3249 390

333 3269 358 3327 ἕ
393 3266 504 3323 172,
534 3279 584 3326 Ρ.
623 3266 720 3313 415
749 3268 776 3325 5
816 3265 926 3324 262,
965 3263 1219 3311 “without

333 3343 436 3390 any
474 3328 875 3390 terghersation,
914 3343 972 3376 or
1007 3328 1217 3376 dissem-

332 3394 527 3454 bling,”
551 3407 607 3441 as
646 3394 773 3442 Plat.
803 3393 946 3453 Apol.
975 3394 1038 3440 24
1069 3393 1114 3439 A
1142 3394 1218 3440 καὶ

335 3459 452 3516 ὑμᾶς
515 3461 623 3507 οὔτε
676 3461 805 3520 μέγα
858 3459 966 3505 οὔτε
1027 3459 1220 3516 σμικρὸν

336 3524 725 3584 ἀποκρυψάμενος
789 3521 886 3584 ἐγὼ
939 3523 1069 3583 λέγω
1124 3520 1218 3569 οὐδ’

335 3588 743 3645 ὑποστειλάμενος.
834 3584 958 3635 Mid.
1019 3600 1068 3647 p.
1125 3586 1220 3636 53¹7

334 3654 362 3711 ἓ
418 3653 481 3702 70
533 3653 606 3711 τῷ
663 3653 1046 3709 ὑποστειλαμένῳ
1107 3652 1223 3711 πρὸς

338 3716 473 3780 ὕβριν
506 3718 630 3776 (who
672 3717 826 3764 sticks
867 3723 924 3764 at
967 3714 1217 3779 nothiny).

508 3828 560 3875 S.
592 3826 752 3874 DEM.

812 2569 1042 2629 εὑραμένη
1061 2569 1110 2617 k.
1140 2581 1182 2614 r.
1208 2580 1246 2616 Β.

1249 2502 1365 2550 Vid.
1392 2502 1510 2561 11ᾶὲ
1544 2502 1655 2550 284.
1658 2504 1907 2550 -πᾶσι
1951 2501 2002 2552 S.
2036 2501 2094 2552 Y.
2141 2502 2201 2552 Ο.

1318 2750 1566 2799 Pantaen.
1613 2765 1663 2810 p.
1709 2750 1804 2799 980
1852 2752 1876 2809 ἓ
1923 2750 1988 2798 48
2026 2750 2104 2797 καὶ
2141 2743 2211 2806 τῷ

1318 2818 1463 2874 μηδὲν
1520 2816 1924 2871 ὑποστελλόμενον
1977 2814 2085 2873 μηδ’
2136 2816 2204 2861 αἱ·

1321 2881 1609 2939 σχυνόμενον
1630 2879 1885 2937 κλαιήσειν.

1385 2947 1410 3003 ξ
1428 2944 1535 2992 391.
1576 2944 1844 3003 συνασκεῖν]
1863 2948 1894 2971 “
1916 2943 2206 2991 occasiones

1319 3008 1484 3055 dando
1506 3023 1610 3055 una
1640 3022 1812 3054 curare
1834 3014 1891 3054 ut
1924 3014 2209 3054 exerceatur

1319 3074 1573 3132 mayisque
1622 3078 1669 3119 et
1722 3073 1880 3131 mayis
1936 3072 2206 3118 excolatur.

1323 3135 1612 3195 Opponitm·
1693 3137 1961 3184 ἀποκλείειν
2042 3136 2205 3182 exelu-

1321 3200 1434 3246 dere
1468 3201 1801 3248 occasionibus
1834 3214 1883 3247 se
1906 3196 2207 3246 exercendi.”

1324 3264 1543 3312 SCHAEF.
1727 3264 1980 3324 δυνάμεως]
2049 3262 2134 3309 “1.
2156 3276 2203 3323 q.

1321 3330 1581 3385 δεινότητος
1602 3330 1924 3389 eloquentiae.
1995 3326 2057 3374 V.
2096 3331 2203 3374 not.

1320 3390 1386 3440 ad
1406 3391 1556 3442 Dion.
1595 3392 1857 3440 Halieam.
1896 3392 1961 3439 de
1995 3389 2049 3440 Ο.
2067 3391 2128 3438 V.
2152 3406 2203 3452 p.

1319 3456 1481 3505 410.”-
1514 3457 1591 3506 Ι1).
1638 3455 1763 3503 This
1801 3455 1847 3503 18
1885 3469 1981 3503 one
2024 3456 2078 3503 of
2115 3456 2206 3503 the

1320 3534 1521 3569 sensas:
1558 3521 1636 3568 for
1655 3521 1771 3568 that
1792 3520 1881 3568 {zhe
1902 3519 2036 3568 word
2059 3519 2153 3567 has
2176 3534 2207 3568 a

1319 3599 1461 3633 more
1492 3587 1740 3646 pregnant
1777 3584 2018 3644 meaning
2050 3584 2097 3631 18
2119 3583 2205 3632 ob-

1320 3649 1482 3709 vious,
1511 3650 1553 3697 if
1574 3664 1645 3696 we
1666 3663 1899 3711 compare
1920 3652 1947 3709 ἓ
1977 3650 2070 3699 392
2095 3650 2203 3699 αἱ...

1323 3717 1472 3763 ἄλλα(
1495 3716 1722 3773 δυνάμεις.

1954 3812 2033 3871 18
