2667 4142
282 1567 395 1638 287

422 201 547 264 232

1040 195 1680 261 DEMOSTHENIS

424 352 589 420 ὥστε
616 353 988 438 Ἀφοβήτου
1023 354 1129 420 καὶ
1168 355 1486 444 Αἰσχίνου
1514 359 1969 441 σωφρονιστῶν
2001 353 2301 436 Ιδεηθῆναι

286 463 399 518 286
424 457 566 525 τούς
608 456 983 540 νεωτέρους),
1025 455 1172 521 ἀλλ’
1215 455 1311 521 ’ὅτι
1359 457 1686 535 βουλεύων
1730 455 2031 542 ἔγραψεν,
2081 456 2157 521 ἄν
2202 483 2302 526 τις

424 552 506 625 ὥς
535 553 869 622 Φίλιππον
897 555 1071 622 ὅπλα
1101 556 1272 641 ἅογων
1313 556 1455 643 ἁλῷ
1479 556 1519 638 ἢ
1551 557 1743 637 σκεύη
1773 557 2079 644 τριηρικά,
2113 558 2303 622 θάνα-

421 683 533 721 τον
572 656 731 723 εἶναι
769 658 881 737 τὴν
918 659 1155 740 ζημίαν·
1224 663 1486 740 σημεῖον
1526 656 1608 722 δέ·
1674 659 1878 724 πόσον
1915 658 2038 743 *γὰρ
2074 658 2301 739 ἐδημη-

421 759 591 845 ’γόρει
648 785 878 847 χρονον
935 760 1258 846 Τίμαρχος
1277 785 1293 840 ;
1380 759 1605 825 πολύν·
1684 758 1904 825 οὐκοῦν
1960 764 2181 825 τοῦτον
2222 759 2302 839 ἦν
2328 767 2453 840 328

421 861 737 947 Αἰσχίνης
780 861 1038 926 ἅπαντα
1073 862 1138 926 ἐν
1182 864 1258 944 τῇ
1303 860 1511 937 πόλει,
1554 859 1661 926 καὶ
1704 859 2103 926 οὐδεπώποτε
2142 859 2302 943 &eya-

423 963 735 1044 νάκτησεν
774 961 913 1027 οὐδὲ
957 962 1153 1028 δεινὸν
1187 960 1479 1043 ήνγήσατο
1527 960 1684 1027 εἶναι
1726 962 1798 1027 τὸ
1838 965 2123 1047 πρᾶνγμα,
2163 962 2221 1027 εἰ
2269 963 2304 1025 ὃ

422 1072 700 1134 τοιοῦτος
738 1069 927 1148 λένγει,
961 1066 1074 1135 ἕως
1110 1065 1197 1136 εἰς
1235 1064 1637 1130 Μακεδονίαν
1674 1064 1876 1131 ἐλθών
1912 1064 2132 1129 ἑαυτὸν
2173 1065 2306 1146 ἐμί-

422 1167 693 1232 σθωσεν·
744 1167 894 1251 λε’«γε
923 1165 997 1248 δή
1025 1193 1135 1250 μοι
1163 1166 1237 1232 τὸ
1264 1167 1586 1254 ψήφισμα
1624 1165 1849 1244 λαβὼν
1886 1164 2035 1230 αὐτὸ
2077 1164 2151 1230 τὸ
2191 1169 2306 1230 τοῦ

423 1272 773 1360 Τιμάρχου.

1131 1429 1587 1502 ΨΗΦΙΣΜΑ.

550 1560 634 1627 ‘O
675 1561 792 1643 μὲν
834 1560 1042 1627 τοίνυν
1075 1560 1235 1648 ὑπὲρ
1265 1561 1435 1642 ὑμῶν
1474 1562 1739 1647 ’γράψας
1772 1558 1859 1642 μὴ
1899 1557 2076 1641 ἄγειν
2111 1559 2178 1623 ἐν
2214 1563 2307 1645 τῷ
2330 1584 2451 1640 329

425 1663 687 1746 πολέμῳ
723 1661 880 1749 πρὸς
925 1663 1262 1729 Φίλιππον
1305 1663 1495 1740 ὅπλα,
1539 1660 1595 1727 εἰ
1637 1660 1704 1726 δὲ
1748 1662 1853 1744 μή,
1902 1659 2154 1744 θανάτῳ
2201 1663 2302 1740 ζη-

422 1766 743 1846 μιοῦσθαι,
790 1764 1093 1829 ἀπόλωλε
1143 1766 1247 1829 καὶ
1291 1762 1615 1849 ὕβρισται·
1694 1761 1729 1827 ὁ
1780 1761 1847 1826 δὲ
1894 1762 1999 1827 καὶ
2049 1761 2134 1827 τὰ
2177 1763 2305 1825 τῶν

424 1866 734 1954 ὑμετέρων
792 1866 1156 1953 συμμάχων
1214 1863 1389 1929 ’ὅπλα
1449 1863 1658 1949 ἐκείνῳ
1717 1863 2032 1947 παραδοὺς
2082 1860 2304 1927 οὖτοσὶ

426 1968 773 2053 κατηεγόρει,
821 1969 928 2035 καὶ
977 1968 1124 2052 περὶ
1174 1967 1467 2053 πορνείας
1512 1967 1740 2049 ἔλεγεν,
1785 1965 1832 2031 ὦ
1877 1971 1958 2047 ’γῆ
2001 1965 2108 2031 καὶ
2155 1965 2301 2042 θεοί,

425 2071 594 2137 δυοῖν
648 2072 764 2154 μὲν
821 2070 1157 2150 κηδεσταῖν
1213 2069 1728 2156 παρεστηκότοιν,
1783 2067 1886 2138 οὓς
1946 2067 2175 2138 ἰδόντες
2220 2067 2305 2133 ἂν

521 2261 548 2317 ἓ
573 2258 685 2307 327.
751 2257 873 2304 Post
897 2258 1104 2314 σημεῖον,
1140 2257 1190 2304 δὲ
1215 2269 1314 2303 om.
1352 2269 1429 2315 pr.
1457 2253 1508 2303 S.
1537 2252 1722 2315 (“add.
1752 2253 1909 2314 antiq.
1920 2253 1947 2276 '’
1970 2253 2171 2314 Voem.)
2195 2253 2296 2304 En.

423 2323 603 2374 Tuum.
670 2320 979 2369 Particulam
1013 2334 1081 2367 ne
1112 2333 1259 2381 posse
1292 2319 1499 2379 quidem
1531 2317 1702 2366 omitti
1732 2319 1912 2379 quovis
1944 2318 2156 2380 pignore
2186 2332 2306 2366 con·

419 2386 688 2435 tenderim.

1045 2460 1113 2487 ow

518 2503 544 2561 ξ
567 2499 678 2549 329.
745 2499 1113 2562 παρεστηκότων
1134 2496 1193 2546 F.
1220 2496 1270 2547 S.
1338 2497 1707 2559 παρεστηκότων
1728 2510 1776 2544 v.
1800 2495 1899 2547 En..
1925 2495 2106 2545 TURIO.
2129 2497 2305 2546 BEKK-

421 2667 645 2716 younger
657 2649 908 2700 members
917 2648 1099 2698 should
1112 2648 1310 2709 require

424 2734 491 2766 an
513 2717 808 2778 Aphobetus
825 2714 927 2762 and
945 2729 1012 2761 an
1034 2714 1312 2761 Aeschines

424 2798 479 2830 as
505 2782 722 2830 Censors
743 2780 798 2826 of
819 2777 1061 2826 Mora13.”
1121 2778 1311 2825 Herod.

424 2861 461 2895 1.
486 2848 516 2894 8
539 2847 659 2907 χρῆν
679 2846 776 2905 γὰρ
799 2845 1058 2903 Κανδαύλῃ
1088 2845 1313 2901 ’γενέσθαι

425 2914 590 2968 κακῶς,
603 2908 768 2956 where
783 2921 865 2955 see
877 2905 1173 2965 Wesseling.
1203 2906 1311 2953 The

425 2989 565 3023 same
606 2971 924 3020 insinuation
969 2970 1016 3017 is
1067 2969 1312 3017 ventured

422 3053 563 3099 upon
584 3037 742 3085 below
764 3038 789 3094 ἓ
810 3036 918 3084 329.
993 3033 1085 3083 See
1106 3036 1225 3081 note
1242 3048 1311 3082 on

420 3108 446 3163 ξ
469 3103 577 3152 222.
641 3105 672 3128 “
691 3099 826 3146 Hinc
849 3100 991 3148 Auct.
1021 3112 1061 3146 c.
1092 3098 1309 3158 Aristog.

423 3183 459 3214 1.
483 3180 535 3227 p.
561 3166 670 3225 779,
701 3164 760 3210 15
776 3163 804 3185 '’
836 3163 1001 3210 Dona.
1059 3162 1166 3209 The
1195 3176 1309 3222 pas-

423 3244 538 3290 sage
561 3230 637 3279 is:
670 3232 736 3287 μὴ
757 3226 871 3286 γάρ,
906 3228 943 3274 ὦ
973 3229 1062 3274 Ζεῦ
1090 3229 1168 3274 καὶ
1195 3228 1307 3285 θεοί,
1344 3225 1347 3228 ’

422 3297 637 3350 τοσαύτη
661 3294 834 3341 σπάνις
851 3293 1024 3350 ἀνδρῶν
1043 3294 1229 3351 ’γένοιτο
1250 3292 1314 3351 τῇ

423 3361 574 3419 πόλει,
603 3359 725 3405 ὥστε
753 3359 886 3418 παρὰ
908 3355 1313 3415 Ἀριστογείτονος

422 3425 520 3471 τῶν
572 3422 731 3469 καλῶν
776 3438 823 3467 τι
866 3422 1173 3477 ποιήσασθαι.

424 3485 550 3535 This
566 3498 795 3531 measure
815 3484 869 3530 of
890 3481 1192 3530 Timarchus
1209 3497 1312 3530 was

421 3548 638 3608 brought
658 3547 873 3595 forward
894 3546 1093 3607 olymp.
1124 3547 1232 3605 108,
1262 3548 1311 3604 2,

423 3612 615 3662 347—ss
643 3624 738 3658 13.c.
774 3609 1041 3669 according
1073 3613 1126 3656 to
1147 3610 1309 3658 Boch-

424 3675 583 3725 necke
607 3675 810 3741 Forsch.
842 3688 893 3734 p.
930 3675 1041 3732 377,
1073 3675 1168 3725 378
1194 3676 1304 3727 not,

1412 2652 1459 2700 2.
1532 2649 1641 2698 The
1674 2649 1850 2710 length
1881 2649 1936 2697 of
1968 2647 2093 2696 time
2132 2649 2186 2696 of
2217 2648 2306 2698 his

1404 2717 1579 2776 public
1603 2715 1691 2776 life
1723 2727 1844 2774 may
1871 2712 1928 2761 in
1965 2727 2105 2761 some
2126 2713 2307 2774 degree

1413 2779 1473 2826 be
1516 2778 1649 2826 fixed
1702 2777 1835 2825 from
1878 2776 2114 2825 Aeschin.
2168 2777 2304 2826 Tim.

1411 2847 1438 2903 g
1484 2843 1575 2891 109
1619 2856 1670 2902 p.
1711 2842 1770 2889 15
1818 2841 2055 2891 St.=127
2095 2841 2156 2889 R.
2191 2846 2304 2902 βου-

1412 2909 1580 2964 λευτὴς
1602 2909 1794 2968 ἐγένετο
1816 2908 1893 2954 ἐπὶ
1913 2908 2139 2966 ἄρχοντος
2161 2907 2306 2954 Nuce·

1367 3028 1368 3033 ¹
1412 2974 1583 3032 φήμου,
1623 2970 1823 3030 Olymp.
1860 2969 1968 3029 104,
2004 2970 2049 3026 4,
2092 2969 2305 3027 361—0,

1411 3035 1566 3083 about
1579 3033 1669 3081 the
1682 3034 1808 3081 time
1823 3032 1971 3081 when
1978 3032 2149 3094 Philip
2160 3046 2307 3082 came

1408 3101 1463 3146 to
1501 3098 1589 3146 the
1616 3097 1814 3146 throne.
1886 3097 1968 3145 He
1998 3096 2103 3144 had
2135 3097 2306 3145 there·

1409 3163 1515 3211 fore
1536 3163 1666 3210 been
1688 3176 1719 3209 a
1748 3160 1921 3222 public
1946 3174 2067 3208 man
2096 3163 2149 3208 at
2171 3161 2306 3210 least

1400 3229 1633 3290 sourteen
1659 3238 1805 3286 years
1831 3225 2001 3272 before
2023 3224 2307 3274 Aeschines

1412 3290 1523 3339 sold
1543 3289 1753 3338 himself
1772 3291 1827 3336 to
1848 3288 2035 3349 Philip.

1474 3358 1501 3414 ἓ
1522 3356 1633 3403 328.
1702 3354 1858 3416 λέγει]
1894 3353 1987 3401 See
2009 3355 2034 3413 ἓ
2056 3352 2308 3402 151.—

1408 3421 1528 3478 λέγε
1551 3421 1609 3477 δή
1626 3435 1708 3477 μοι
1730 3420 1873 3465 κ.τ.λ.
1895 3416 2055 3463 forms
2076 3416 2164 3464 the
2187 3432 2307 3478 apo-

1410 3485 1541 3531 dosis
1575 3484 1629 3528 to
1661 3483 1738 3529 ἵνα
1767 3485 1919 3528 τοίνυν
1949 3480 2100 3538 εἰδῆθ’
2137 3483 2164 3540 ἓ
2189 3482 2304 3529 326.

1410 3544 1743 3606 Accordingly
1764 3545 1899 3592 from
1920 3547 2114 3603 σημεῖον
2145 3547 2214 3592 δέ·
2246 3548 2306 3593 to

1414 3613 1673 3670 ἐμίσθωσεν
1684 3608 1731 3658 is
1742 3607 2303 3669 quasi-parenthetica.

1474 3677 1501 3736 ἓ
1523 3675 1633 3724 329.
1704 3672 1932 3723 ἀπόλωλε
1954 3674 2032 3722 καὶ
2059 3673 2310 3737 ὕβρισται]
