2667 4142
450 239 572 305 148
1059 238 1695 304 DEMOSTHENIS

443 388 830 477 πεπρακότα,
877 389 1044 475 δῶρα
1088 390 1333 477 ἔχοντα,
1383 390 1558 456 οὐδὲν
1604 390 2030 456 ἐλλελοιπότα
2069 392 2312 481 μοχθη-

441 493 601 578 ρίας.
684 489 907 556 οὐκοῦν
949 488 1123 555 ταῦθ’
1168 488 1543 577 ὑπεσχόμην
1587 490 1653 554 ἐν
1704 487 1892 577 ἀρχῇ,
1937 489 2113 555 ταῦτ’
2164 492 2305 554 ἐπέ-

307 601 416 664 179
446 594 631 676 δειξα.
720 592 909 679 ὁρᾶτε
946 592 1155 658 τοίνυν
1187 591 1270 657 τὰ
1294 592 1458 674 μετὰ
1483 596 1701 657 ταῦτα·
1746 592 1991 661 ἁπλοῦς
2019 591 2144 679 γάρ
2173 591 2306 658 ἐσθ’
2341 604 2451 678 198

442 695 476 762 ὁ
514 694 772 779 μέλλων
815 693 1003 775 λόγος
1042 692 1261 758 οὑτοσὶ
1299 693 1456 778 πρὸς
1501 692 1664 776 ὑμᾶς
1707 692 1844 772 ἤδη.
1933 693 2310 775 ὀμωμόκατε

439 797 828 883 ψηφιεῖσθαι
868 793 1029 860 κατὰ
1072 793 1213 863 τοὺς
1256 793 1479 876 νόμους
1520 793 1630 859 καὶ
1670 793 1753 859 τὰ
1788 796 2189 880 ψηφίσματα
2224 795 2310 859 τὰ

439 906 554 966 τοῦ
583 899 779 982 δήμου
807 898 912 964 καὶ
943 900 1051 977 τῆς
1077 897 1323 977 βουλῆς
1357 898 1483 961 τῶν
1521 897 1971 963 πεντακοσίων·
2017 898 2306 979 φαίνεται

437 998 491 1063 δ’
522 997 698 1069 οὗτος
736 996 949 1062 πάντα
982 995 1283 1062 τάναντία
1322 1001 1450 1065 τοῖς
1480 995 1703 1078 νόμοις,
1734 1001 1863 1067 τοῖς
1892 998 2301 1082 ψηφίσμασι,

435 1105 567 1170 τοῖς
613 1099 874 1169 δικαίοις
918 1099 1433 1184 πεπρεσβευκώς·
1486 1096 1707 1162 οὐκοῦν
1747 1097 2056 1180 ἡλωκέναι
2102 1126 2303 1185 προσ-

435 1203 572 1281 ήκει
618 1201 795 1287 παρά
838 1225 912 1283 «γε
958 1205 1102 1265 νοῦν
1153 1199 1378 1285 ἔχουσι
1424 1198 1764 1270 δικασταῖς.
1853 1200 1909 1265 εἰ
1958 1199 2080 1285 γὰρ
2132 1202 2302 1265 ἄλλο
2337 1229 2448 1286 199

434 1304 628 1388 μηδὲν
667 1303 881 1384 ἠδίκει,
911 1302 1019 1367 δύο
1061 1306 1185 1368 τῶν
1226 1302 1685 1389 πεπραγμένων
1728 1304 1861 1369 ἐσθ’
1894 1302 2076 1369 ἱκανὰ
2115 1303 2301 1370 αὐτὸν

434 1407 817 1472 ἀποκτεῖναι·
863 1405 931 1471 οὐ
973 1404 1096 1490 γὰρ
1137 1404 1328 1487 μόνον
1371 1405 1632 1476 Φωκέας
1676 1404 1851 1470 ἀλλὰ
1888 1406 1997 1471 καὶ
2039 1406 2299 1494 Θρᾴκην

300 1514 408 1571 180
435 1508 786 1596 προδέδωκε
831 1509 1160 1593 Φιλίππῳ.
1248 1507 1454 1572 καίτοι
1499 1507 1605 1572 δύο
1649 1508 2157 1596 χρησιμωτέρους
2199 1508 2302 1573 τό·

434 1638 592 1681 πους
638 1615 748 1691 τῆς
790 1610 1148 1692 οἰκουμένης
1193 1609 1317 1676 οὐδ’
1369 1608 1448 1676 ἂν
1495 1609 1581 1679 εἷς
1627 1610 1932 1693 ἐπιδείξαι
1974 1615 2053 1696 τῇ
2095 1613 2299 1688 πόλει,

434 1712 595 1778 κατὰ
620 1713 736 1795 μὲν
763 1716 882 1795 γῆν
914 1715 1164 1789 Πυλῶν,
1198 1714 1267 1777 ἐκ
1297 1712 1617 1792 θαλάττης
1646 1712 1714 1777 δὲ
1753 1716 1863 1777 τοῦ
1891 1712 2301 1796 Ἑλλησπόν-

432 1861 486 1908 p.
519 1848 630 1895 280.
701 1845 1020 1907 Astipulatur
1061 1845 1192 1895 mihi
1239 1845 1410 1895 Volm.
1451 1851 1484 1874 ‘⁸
1501 1845 1666 1895 Multo
1711 1846 1876 1908 magis
1920 1846 2140 1897 oratorie
2181 1861 2300 1896 con-

432 1913 650 1959 formata
672 1913 748 1959 est
770 1909 1053 1971 repetitio.”

528 1976 686 2035 §198.
758 1975 933 2023 Cobet.
968 1973 1033 2022 ad
1069 1974 1259 2036 Hyper.
1298 1974 1517 2024 Funebr.
1556 1989 1608 2035 p.
1643 1975 1707 2025 ‘12
1743 1974 1884 2035 jubet
1907 1972 1958 2024 h.
1987 1975 2022 2024 l.
2060 1976 2236 2036 reponi
2272 1978 2298 2025 ὁ

431 2042 621 2097 μέλλων
638 2040 929 2102 ῥηθήσεσθαι
957 2036 1120 2099 λόγος,
1143 2041 1194 2086 et
1215 2039 1272 2085 in
1304 2038 1507 2099 Leptin.
1547 2053 1598 2099 p.
1636 2040 1748 2095 479,
1785 2040 1814 2089 7
1853 2041 1909 2088 τὸ
1943 2042 2120 2097 μέλλον
2153 2041 2294 2102 ῥηθή·

435 2106 605 2152 σεσθαι
629 2105 820 2163 ἀκούσῃ.
888 2108 920 2130 “
941 2101 1073 2163 Quid
1108 2103 1175 2150 sit
1199 2104 1225 2151 ὀ
1250 2105 1442 2161 μέλλων
1473 2105 1637 2165 χρόνος
1662 2101 1898 2150 novimus
1936 2105 1987 2151 et
2021 2106 2077 2153 τὸ
2117 2106 2297 2161 μέλλον

437 2169 691 2229 φοβεῖσθαι
734 2168 785 2214 et
819 2165 1010 2214 similia
1050 2166 1239 2224 omnia,
1296 2165 1386 2213 sed
1430 2167 1455 2214 ὁ
1497 2170 1686 2223 μέλλων
1730 2168 1871 2228 λόγος
1914 2169 1966 2215 et
2010 2169 2192 2215 ἀκούειν
2239 2170 2297 2216 τὸ

431 2235 608 2290 μέλλον
640 2244 803 2290 neque
835 2229 937 2277 dici
971 2229 1096 2277 solet
1141 2243 1305 2290 neque
1355 2230 1575 2289 intelligi
1627 2232 1809 2292 potest.
1818 2229 1847 2254 ''
1908 2229 2130 2280 Voemel.
2171 2231 2297 2279 citat

434 2295 593 2343 Thuc.
617 2308 685 2344 VI.
731 2294 794 2346 76
829 2296 937 2343 τοὺς
977 2296 1248 2353 μέλλοντας
1291 2293 1376 2341 ἀπ’
1419 2293 1576 2342 αὐτῶν
1616 2293 1801 2355 λόγους.
1884 2293 2028 2342 Addo
2082 2294 2292 2343 Arist-ot.

432 2358 582 2407 Rhet.
616 2372 696 2408 111.
758 2359 835 2418 17,
882 2358 942 2406 15
979 2360 1052 2405 δεῖ
1087 2360 1166 2406 οὖν
1206 2360 1369 2420 χώραν
1409 2361 1561 2406 ποιεῖν
1606 2360 1658 2407 έν
1693 2361 1765 2418 τῷ
1809 2359 2019 2419 ἀκροατῇ
2058 2358 2130 2418 τῷ
2179 2362 2294 2419 μέλ·

431 2426 566 2471 λοντι
602 2425 750 2484 λόγῳ.
822 2421 1148 2483 Appellemus
1185 2421 1373 2469 iterum
1408 2425 1623 2483 poetam.
1690 2421 1816 2469 Eur.
1853 2421 1986 2470 Med.
2022 2422 2117 2470 566
2166 2425 2292 2471 τοῖσι

430 2490 688 2545 μέλλουσιν
732 2487 925 2543 τέκνοις,
971 2485 1159 2533 Electr.
1198 2486 1292 2534 626
1336 2487 1430 2547 πρό
1473 2489 1729 2544 μέλλοντος
1759 2485 1919 2544 τόκου,
1952 2485 2069 2546 Iph.
2105 2485 2164 2533 A.
2197 2487 2294 2536 998

431 2553 555 2600 τοῖσι
575 2553 835 2610 μέλλουσιν
864 2551 1053 2611 γάμοις,
1078 2549 1203 2597 1355
1234 2552 1321 2608 τὴν
1343 2552 1461 2607 έμὴν
1491 2552 1763 2609 μέλλουσαν
1794 2552 1942 2608 εὐνήν,
1969 2551 2094 2598 1380
2121 2551 2208 2600 τάς
2238 2568 2294 2598 τε

429 2618 699 2673 μελλούσας
733 2616 976 2676 γυναῖκας.
1045 2611 1101 2659 Si
1132 2613 1191 2661 in
1222 2613 1305 2661 his
1339 2613 1473 2661 nihil
1505 2614 1695 2661 Graece
1730 2612 2001 2661 scientium
2035 2627 2182 2661 aures
2213 2628 2290 2661 re·

432 2678 678 2740 tepuerint,
718 2676 897 2738 quidni
930 2680 956 2726 ὁ
987 2678 1177 2736 μέλλων
1213 2676 1358 2738 λόγος
1395 2679 1493 2735 (the
1533 2679 1723 2738 coming]
1743 2684 1866 2740 part
1899 2678 1958 2738 of
1982 2691 2062 2750 my
2094 2676 2286 2740 speech)

430 2744 726 2803 accepturae
749 2744 893 2788 erant
902 2744 1117 2789 ?-—-rc),
1141 2743 1275 2801 (post
1301 2740 1606 2804 ψηφίσματα)
1626 2743 1799 2788 carent
1812 2754 1989 2788 omnes
2010 2739 2128 2788 hbri
2147 2754 2291 2801 prae·

429 2808 507 2855 ter
531 2806 580 2855 S.
651 2803 781 2853 Add.
805 2805 970 2852 anz.
995 2805 1067 2865 [et
1089 2805 1176 2865 st.]
1199 2805 1295 2854 En.
1333 2805 1514 2853 Tuum.
1548 2803 1706 2852 Dum.
1745 2803 1912 2852 Velm,
1982 2804 2115 2853 Sane
2144 2804 2294 2852 facile

429 2868 652 2917 excidere
699 2867 867 2929 potuit
916 2870 1031 2928 post
1074 2886 1236 2927 -ματα.
1316 2868 1416 2916 Sed
1458 2868 1538 2915 bis
1570 2868 1823 2916 omittitur
1859 2868 1916 2915 in
1954 2867 2291 2928 Jurejurando

430 2933 565 2993 quod
596 2932 780 2980 citatur
813 2931 1030 2981 Timocr.
1063 2946 1110 2992 p.
1152 2931 1246 2983 746
1277 2935 1303 2993 g
1342 2933 1448 2982 149.
1511 2931 1696 2994 [Hodie
1737 2930 1904 2992 recepi
1941 2931 2075 2991 quod
2119 2931 2289 2992 JusJu-

428 2996 648 3045 randum
678 2994 808 3044 illud
843 2997 1134 3056 suspectum
1168 2997 1283 3057 est.]
1415 2998 1646 3054 ἡλωκέναι
1670 2995 1721 3046 S.
1746 2995 1804 3046 Y.
1833 2995 1883 3043 k.
1901 3009 1941 3045 r.
1965 3009 2005 3044 s.
2025 2993 2105 3043 Al.
2139 2996 2289 3044 έαλω-

429 3063 559 3109 κέναι
580 3060 730 3120 vulgo
752 3062 804 3108 et
826 3074 857 3108 a
877 3073 948 3106 m.
973 3073 1070 3108 sec.
1097 3060 1146 3109 S.
1213 3060 1498 3121 Augmento
1536 3059 1691 3120 Soph.
1713 3058 1893 3120 Eurip.
1916 3072 2023 3106 non
2053 3061 2287 3107 utuntur.

429 3125 638 3174 ἑάλωκεν
661 3124 731 3188 (ἅ)
756 3122 989 3184 Aeschyl.
1017 3122 1192 3184 Agam.
1221 3126 1301 3172 30.
1371 3123 1470 3172 Sed
1491 3137 1608 3171 cum
1631 3122 1886 3183 Aristoph.
1910 3122 2061 3183 Vesp.
2087 3123 2181 3170 355
2205 3123 2290 3171 ὅτε

428 3190 472 3237 N
476 3191 583 3249 α’ξος
606 3188 735 3237 ἑάλω
750 3189 819 3249 (ἆ)
839 3186 1090 3247 praebeat,
1111 3189 1236 3248 puto
1257 3187 1439 3236 Aesch.
1463 3187 1838 3236 restituendum
1861 3188 2059 3246 ἥλωκεν,
2083 3188 2142 3233 ut
2157 3186 2288 3235 ratio

426 3253 639 3302 metrica
663 3253 876 3301 constet.
947 3252 1050 3311 ἥλω
1072 3251 1224 3301 Hom.
1255 3251 1347 3302 Od.
1376 3265 1497 3302 xxn.
1528 3252 1638 3300 230.

553 3375 716 3427 οὐκοῦν
720 3413 835 3425 ......
842 3376 1079 3437 ἐπέδειξα]
1130 3379 1162 3404 “
1180 3374 1308 3424 This
1405 3376 1681 3423 statement
1701 3373 1822 3423 here
1856 3373 1961 3423 laid
1993 3373 2160 3424 before
2185 3388 2289 3437 you

423 3442 549 3491 then
571 3442 599 3489 I
620 3439 845 3500 engaged
866 3442 919 3486 to
941 3453 1092 3500 prove
1128 3441 1183 3486 at
1216 3438 1307 3487 the
1402 3439 1535 3487 {rom
1554 3437 1659 3486 this
1679 3438 1874 3500 point.''

423 3508 591 3555 outset
615 3503 720 3569 (did
744 3503 772 3552 1
793 3504 950 3565 now),
983 3502 1090 3552 this
1112 3503 1139 3550 Ι
1160 3517 1307 3564 prov·
1467 3506 1494 3563 ς
1518 3503 1627 3552 199.
1695 3502 1988 3563 ἀποκτεῖναι]
2019 3502 2128 3551 The
2146 3516 2289 3552 same

422 3569 537 3619 ed.”
1402 3564 1523 3614 bold
1560 3566 1718 3627 figure
1751 3566 1795 3613 is
1830 3565 2093 3628 employed
2130 3566 2289 3616 above

487 3632 642 3692 5198.
699 3631 879 3680 ἁπλοῦς
883 3668 998 3680 ......
1005 3630 1116 3691 ἤδη]
1155 3629 1306 3678 “For
1402 3630 1568 3690 5144.
1659 3678 1665 3685 ,
1741 3630 1940 3683 numu:
1991 3630 2287 3688 Ἑλλησπόν-

425 3694 851 3758 straightforward
902 3693 948 3743 ie
994 3707 1081 3756 my
1133 3693 1304 3743 future
1401 3693 1506 3756 τοῦ]
1562 3697 1593 3723 “
1615 3695 1762 3743 Thau
1805 3694 2170 3755 Thermopylae
2221 3693 2289 3756 by
