2667 4142
763 190 885 255 DE
941 190 1224 255 FALSA
1280 189 1806 255 LEGATIONE.
2099 193 2129 254 l
2146 195 2224 259 ‘77

353 346 679 416 τοσούτοις
707 346 998 434 αἰσχροῖς
1020 344 1126 410 καὶ
1151 342 1474 430 ἐπιορκίαν
1494 343 2009 428 προσκτήσησθε·
2050 342 2226 409 οὐδὲν

354 448 479 534 «γὰρ
506 447 666 530 ὑμᾶς
696 447 909 521 α’δικεῖ,
944 445 1089 511 ἀλλ’
1117 445 1235 528 ἐγὼ
1261 447 1563 527 μαίνομαι
1592 445 1697 509 καὶ
1727 445 2087 531 τετύφωμαι
2116 449 2226 511 νῦν

214 578 329 631 242
357 554 719 635 κατηγορῶν
762 548 965 614 αὐτοῦ.
1034 548 1090 612 εἰ
1132 546 1199 613 δὲ
1239 548 1457 613 πάντα
1497 545 1799 612 τάναντία
1840 548 2076 613 τούτων
2119 548 2228 613 καὶ
2251 575 2364 613 220

244 644 251 649 ’
356 651 577 717 πολλὰ
606 651 712 714 καὶ
742 648 1169 732 φιλάνθρωπα
1197 647 1476 717 εἰπόντες
1494 645 1843 724 Φίλιππον,
1876 653 2086 735 φιλεῖν
2114 649 2227 731 τὴν

357 752 568 831 πόλιν,
601 751 862 820 Φωκέας
893 749 1144 828 σώσειν,
1176 748 1503 828 Θηβαίους
1532 748 1801 813 παύσειν
1829 753 1938 827 τῆς
1967 748 2232 836 ὕβρεως,

358 853 450 919 ἔτι
480 853 636 938 πρὸς
664 852 904 920 τούτοις
931 852 1183 931 μείζονα
1214 848 1251 929 ἢ
1276 848 1414 914 κατ’
1433 848 1829 933 Ἀμφίπολιν
1851 849 1916 915 εὖ
1936 851 2227 932 ποιήσειν

359 951 532 1034 ὑμᾶς,
582 950 662 1016 ἂν
707 951 869 1037 τύχῃ
913 954 1022 1030 τῆς
1069 949 1325 1036 εἰρήνης,
1371 948 1675 1028 Εὔβοιαν,
1728 949 2028 1037 Ὠρωπὸν
2068 951 2225 1018 ἀπο-

359 1053 601 1119 δώσειν·
654 1052 710 1118 εἰ
737 1051 911 1117 ταῦτ’
944 1050 1219 1120 εἰπόντες
1259 1050 1367 1115 καὶ
1407 1051 1834 1137 ὑποσχόμενοι
1867 1051 2051 1117 πάντ’
2092 1055 2228 1135 ἐξη-

358 1154 685 1235 πατήκασι
715 1152 820 1218 καὶ
849 1151 1309 1238 πεφενακίκασι
1341 1152 1446 1215 καὶ
1473 1152 1663 1233 μόνον
1690 1151 1761 1217 ού
1791 1154 1903 1232 τὴν
1930 1152 2229 1234 Ἀττικὴν

358 1255 528 1338 ὑμῶν
566 1253 992 1340 περιῄρηνται,
1036 1253 1605 1339 καταψηφίσασθε,
1643 1254 1749 1319 καὶ
1783 1254 1869 1336 μὴ
1905 1255 2060 1342 πρὸς
2099 1261 2229 1327 τοῖς

359 1360 584 1426 ἄλλοις
613 1355 704 1425 οἷς
733 1354 1002 1440 ὕβρισθε
1037 1352 1131 1438 (οὐ
1156 1354 1279 1440 «γὰρ
1323 1353 1506 1436 ἔγωγ’
1538 1354 1648 1420 οἶδ’
1691 1354 1724 1419 ὅ
1760 1382 1823 1420 τι
1865 1358 1993 1445 χρὴ
2020 1358 2229 1440 λέγειν

359 1461 550 1544 ἄλλο)
595 1461 702 1523 καὶ
744 1458 903 1544 ὑπὲρ
947 1456 1033 1522 ὦν
1075 1456 1247 1523 οὗτοι
1291 1456 1861 1544 δεδωροδοκήκασιν
1905 1459 2075 1543 ὑμεῖς
2118 1459 2231 1541 τὴν

359 1561 517 1647 ἀρὰν
545 1562 653 1627 καὶ
682 1559 794 1643 τὴν
823 1559 1148 1645 ἐπιορκίαν
1176 1560 1385 1625 οἴκαδε
1414 1560 1859 1645 ἀπενέγκησθε.

362 1797 552 1858 aliique
583 1796 836 1846 nonnulli.
904 1793 968 1844 τοὶ
992 1797 1069 1844 ἐπὶ
1094 1795 1258 1856 vulg0,
1298 1795 1433 1856 quod
1460 1797 1537 1843 est
1570 1795 1630 1844 in
1664 1795 1742 1847 Al.
1775 1797 2229 1858 Β.--ἐποιῆσατε

360 1862 409 1911 k.
436 1876 477 1910 r.
502 1875 545 1909 s.
573 1864 652 1908 em.
678 1865 760 1919 nm.
785 1858 865 1909 Al.
898 1859 978 1907 A‘2.
1013 1860 1213 1907 solenni
1258 1860 1568 1908 confusione.
1635 1860 1749 1908 vid.
1775 1865 1799 1920 ἓ
1827 1864 1902 1922 95,
1938 1867 1963 1922 5
1988 1865 2066 1922 97,
2094 1866 2119 1921 ἓ
2143 1867 2220 1914 99.

490 1927 636 1985 ἠδίκει
657 1924 767 1972 vult
796 1924 958 1973 Dosa.
996 1926 1204 1985 propter
1228 1938 1331 1984 seq.
1367 1927 1469 1972 νῦν;
1506 1923 1652 1985 cujus
1687 1926 1991 1975 mutationis
2030 1929 2227 1977 nullam

362 2002 573 2038 causam
605 1987 769 2036 video,

460 2056 486 2111 ἓ
509 2052 621 2102 242.
691 2055 740 2101 δὲ
763 2050 919 2099 πάντα
943 2050 992 2100 S.
1020 2050 1079 2100 Y.
1095 2050 1144 2097 k.
1167 2065 1207 2099 r.
1235 2065 1272 2101 8.
1303 2050 1382 2101 A¹.
1424 2052 1464 2100 δ’
1488 2052 1681 2100 ἅπαντα
1708 2053 1869 2113 vulgo.
2003 2057 2226 2114 εἰπόντες,

361 2120 600 2166 Φίλιππον
642 2118 799 2176 φιλεῖν
838 2115 1207 2176 interpungunt
1242 2116 1340 2163 En.
1376 2115 1555 2164 Tmuc.
1621 2118 1907 2178 Per-peram.
1961 2118 2072 2170 Vid.
2117 2123 2226 2168 not.

1511 2194 1543 2219 σ

361 2231 656 2293 -σώζειν
679 2227 726 2277 S.
756 2227 815 2275 Y.
842 2226 900 2275 O.
924 2241 976 2274 u.
1000 2241 1049 2275 v.
1093 2231 1263 2277 σώσειν
1282 2228 1340 2278 F.
1361 2229 1419 2279 B.
1442 2233 1607 2304 σῶς-ειν
1627 2231 1665 2278 t.
1730 2230 1807 2278 De
1839 2232 2029 2282 conius.
2054 2221 2086 2282 Ξ
2116 2236 2167 2281 et
2195 2223 2235 2299 ξ·

362 2293 464 2344 vid.
484 2297 510 2354 ἓ
530 2295 648 2352 97,ξ
671 2292 780 2350 184,
797 2292 944 2352 5189.
1011 2291 1077 2338 In
1096 2292 1220 2340 Eur.
1239 2293 1350 2342 Ion.
1381 2295 1473 2343 965
1492 2294 1610 2341 hbn
1624 2297 1849 2354 σώζοντα.
1871 2300 2083 2345 -ἐὰν
2103 2299 2229 2361 τύχῃ

1652 2372 1711 2398 παι

367 2407 419 2456 Β.
455 2407 503 2456 k.
541 2422 585 2456 r.
617 2421 656 2458 Β.
700 2406 780 2455 Al.
835 2407 990 2457 DIND.
1034 2406 1205 2454 Voma.
1243 2406 1415 2454 ΒΕΚΚ.
1448 2408 1969 2470 Βῡ.-περιήιρηνται
2009 2409 2119 2473 (sic)
2164 2411 2226 2462 F.

367 2489 678 2533 παρηιρηνται
720 2471 828 2533 (sic)
869 2489 944 2532 γρ.
998 2470 1513 2530 8.--εἰσενέγκησθε
1553 2471 1605 2521 S.
1645 2472 1696 2519 k.
1727 2487 1768 2521 r.
1806 2487 1848 2520 s.
1886 2477 1974 2532 nm.
2018 2473 2097 2525 Al.
2147 2475 2230 2525 A².

368 2535 512 2584 Harl.
537 2537 633 2584 En.
662 2536 842 2584 Tmuc.
864 2534 1020 2584 Dnu).
1047 2534 1217 2583 Vonu.
1242 2534 1408 2582 Bnn.
1434 2537 1496 2584 st.

369 2751 578 2801 months
604 2749 777 2798 before
801 2750 908 2799 this
933 2751 1127 2813 Speech
1147 2766 1250 2800 was
1352 2768 1465 2804 vm.
1514 2756 1815 2817 Blomfc=65
1855 2759 2062 2820 Rev-qk]
2139 2765 2233 2820 Δη-

370 2814 638 2865 delivered.
808 2816 1086 2877 ἀγαπητῶς]
1158 2816 1252 2864 See
1353 2820 1585 2878 μοσθένης
1624 2822 1741 2883 ὑπὲρ
1784 2822 2129 2882 Κτησιφῶντος
2162 2827 2231 2887 [Ρ.

371 2894 439 2929 on
477 2884 501 2941 ξ
542 2880 1076 2941 222.--τετύφωμαι]
1119 2881 1250 2928 Har·
1358 2882 1451 2930 229
1474 2884 1499 2941 5
1523 2884 1621 2944 11].

371 2958 508 3005 pocr.
542 2945 840 3002 τετύφωμαι·
905 2945 1009 2991 ἀντὶ
1051 2947 1135 2992 τοῦ
1173 2946 1249 2998 ἐμ·
1418 2947 1574 3006 5242.
1643 2947 1804 2997 πολλὰ
1825 2952 1903 2998 καὶ
1922 2950 2233 3012 φιλάνθρωπα

372 3006 703 3070 βεβρόντημαι,
777 3007 866 3066 ἔξω
921 3008 1010 3055 ‘niv
1074 3010 1255 3067 φρενῶν
1356 3010 1528 3074 κ.τ.λ.]
1596 3016 1627 3040 “
1646 3011 1900 3073 Speaking
1913 3014 1966 3060 of
1987 3015 2155 3077 Philip
2176 3015 2233 3064 in

374 3075 571 3133 γέγονα,
597 3072 704 3129 ἦτοι
758 3073 857 3120 ἀπὸ
907 3073 992 3131 τῆς
1037 3074 1252 3134 βροντῆς,
1354 3088 1511 3134 many
1547 3078 1813 3123 courteous
1862 3077 1964 3124 and
2010 3078 2235 3128 humane

376 3137 408 3195 ἢ
430 3138 526 3184 ἀπὸ
548 3136 643 3183 τῶν
664 3136 741 3183 ἐπὶ
764 3135 845 3184 τὸν
876 3137 1080 3196 Τυφῶνα
1110 3154 1253 3184 κατα·
1356 3138 1726 3197 expressions.”
1782 3139 1875 3188 See
1910 3141 2098 3190 Matth.
2139 3143 2225 3194 Gr.

377 3202 642 3260 φερομένων
679 3201 922 3258 σκηπτῶν,
964 3200 995 3259 ἢ
1033 3202 1129 3248 ἀπὸ
1162 3201 1256 3248 τῶν
1355 3201 1665 3263 ς416β.--
1681 3204 1759 3251 καὶ
1774 3205 1888 3266 ὑπὲρ
1905 3205 1967 3252 ὦν
1973 3244 2088 3256 ......
2097 3209 2233 3256 ἀπεν·

376 3264 652 3326 Τυφωνικῶν
696 3267 993 3323 καλουμένων
1047 3264 1249 3323 πνευμά-
1358 3267 1585 3327 έγκησθε]
1667 3271 1699 3293 “
1719 3267 1966 3315 Likewise
2014 3270 2093 3318 for
2145 3271 2235 3320 the

377 3345 483 3386 των,
527 3328 561 3376 ct
605 3330 663 3390 δὴ
718 3330 796 3376 καὶ
843 3325 963 3377 αὐτοὶ
1018 3330 1256 3387 ἐξίστησιν
1358 3328 1527 3377 bribes
1539 3328 1704 3377 which
1717 3329 1840 3391 they
1852 3331 1980 3380 have
1990 3334 2230 3397 received,

375 3390 557 3453 ἀθρόως
577 3394 935 3454 καταρῤαγέντα
957 3391 1050 3455 [So
1062 3392 1251 3440 Anecd.
1358 3406 1503 3452 carry
1522 3407 1661 3453 away
1681 3396 1735 3441 to
1768 3409 1896 3454 your
1932 3395 2112 3446 homes
2148 3400 2237 3448 the

373 3455 529 3506 Bekk.
567 3471 616 3519 p.
655 3458 768 3514 308,
818 3457 876 3503 11
926 3458 1032 3505 ἐπεὶ
1075 3459 1151 3505 καὶ
1191 3457 1255 3504 τὰ
1358 3469 1502 3505 curse
1526 3456 1711 3518 [which
1732 3472 1833 3518 you
1854 3458 1957 3507 will
1987 3460 2055 3509 lie
2076 3462 2239 3512 under

376 3521 596 3582 Τυφώνια
613 3523 858 3574 πνεύματα
879 3522 1048 3577 μανίαν
1072 3522 1261 3577 ἐμποιεῖ
1358 3520 1426 3580 by
1478 3519 1569 3569 the
1624 3521 1870 3582 acquittal
1913 3522 1967 3571 of
2013 3539 2043 3573 a
2076 3527 2239 3588 guilty

375 3584 667 3646 ἐμπεσόντα]
718 3586 951 3639 Ἀλκαῖος,
976 3584 1181 3643 πάμπαν
1206 3585 1257 3632 δὲ
1358 3583 1610 3645 criminal]
1628 3585 1731 3634 and
1752 3585 1841 3635 the
1859 3585 2169 3649 imputation
2185 3591 2240 3639 of

374 3650 533 3711 τυφὼς
586 3652 814 3708 ἐκΡέλετο
869 3652 1056 3711 φρένας.
1144 3648 1248 3711 [Fr.
1355 3647 1609 3712 parim-5⁷3¹

544 3762 593 3812 S.
639 3762 802 3812 DEM.
1990 3748 2073 3808 12
