2667 4142
381 196 518 260 “118
820 196 825 201 ’
1003 198 1642 265 DEMOSTHENIS

392 353 716 439 πρέσβεσι
756 361 885 427 τοῖς
921 360 1045 423 τῶν
1077 357 1445 439 Ἀθηναίων,
1489 357 1596 422 καὶ
1632 357 1917 441 θεωρεῖτε
1960 350 2016 418 εἷ
2057 372 2261 440 παρα-’-

257 464 364 520 143
392 456 646 537 πλήσια
694 462 772 543 τῇ
822 459 1010 525 πόλει
1054 459 1159 524 καὶ
1203 459 1445 529 τούτοις
1486 457 1710 527 αὐτοῖς.
1799 461 1877 542 τῇ
1919 454 2106 523 πόλει
2147 458 2261 531 μὲν

390 558 599 625 τοίνυν
643 558 1067 646 ἀφεστηκέναι
1116 560 1232 642 μὲν
1279 559 1578 625 ἁπάντων
1616 564 1723 624 καὶ
1765 562 1891 625 τῶν
1929 557 2262 640 κτημάτων

392 661 499 725 καὶ
557 664 680 727 τῶν
731 661 1103 749 συμμάχων,
1167 659 1555 745 ὀμωμοκέναι
1619 661 1687 726 δὲ
1747 663 2076 744 Φιλίππῳ,
2141 661 2262 726 κᾶν

385 761 592 832 ,ἄλλος
640 788 732 832 τις
781 763 842 845 ἴῃ
889 761 1034 826 ποτ’
1079 761 1179 827 ἐπ’
1210 762 1376 828 αὐτὰ
1413 760 1800 843 βουλόμενος
1840 762 2072 840 σώζειν,
2103 760 2261 840 ὑμᾶς

391 862 703 927 κωλύσειν
744 863 853 928 καὶ
896 862 1003 928 τὸν
1057 863 1175 945 μὲν
1230 864 1377 946 ὑμῖν
1428 865 1818 946 βουλόμενον
1874 864 2262 951 παραδοῦναι

390 959 622 1046 ἐχθρὸν
649 959 1004 1044 ἦιγήσεσθαι
1034 962 1141 1028 καὶ
1169 963 1492 1042 πολέμιον,
1535 963 1643 1028 τὸν
1679 962 1746 1027 δὲ
1789 961 2263 1049 ἀπεστερηκότα

259 1075 369 1127 144
393 1062 738 1150 σύμμαχον
796 1063 902 1127 καὶ
961 1063 1174 1150 φίλον.
1236 1066 1437 1129 ταῦτα
1490 1063 1613 1148 «γάρ
1669 1065 1848 1128 ἐστιν
1906 1064 1949 1128 ἃ
2003 1068 2263 1130 συνεῖπε

389 1164 506 1247 μὲν
566 1165 881 1254 Αἰσχίνης
931 1167 1167 1247 οὑτοσί,
1224 1165 1475 1252 ἔγραψε
1526 1166 1576 1231 δ’
1622 1165 1656 1230 ὃ
1698 1166 1921 1233 τούτου
1964 1167 2263 1250 συνεργὸς

393 1267 820 1353 Φιλοκράτης·
899 1268 1006 1333 καὶ
1078 1272 1456 1353 κρατοῦντος·
1530 1268 1681 1350 ἐμοῦ
1760 1267 1873 1348 τὴν
1949 1267 2264 1354 προτέραν

384 1364 642 1451 ἡμέραν,
682 1367 789 1432 καὶ
818 1368 1189 1439 πεπεικότος
1218 1369 1378 1451 ὑμᾶς
1416 1367 1489 1433 τὸ
1516 1372 1640 1434 τῶν
1670 1369 2027 1458 συμμάχων
2062 1369 2265 1452 δόγμα

390 1474 673 1557 κυρῶσαι
716 1474 824 1538 καὶ
876 1475 1149 1538 καλέσαι
1209 1472 1350 1543 τοὺς
1408 1473 1716 1556 πρέσβεις
1773 1474 1916 1544 τοὺς
1975 1477 2087 1540 τοῦ
2144 1475 2262 1536 Φι-

391 1575 659 1649 λίππου,
721 1575 1062 1660 ἐκκρουσας
1131 1573 1309 1645 οὗτος
1386 1574 1471 1645 εἰς
1543 1572 1657 1654 τὴν
1734 1573 2071 1661 ὑστεραίαν
2149 1574 2265 1654 τὴν

395 1674 829 1758 Φιλοκράτους
900 1676 1153 1760 «γνώμην
1225 1677 1478 1742 ἔπεισεν
1553 1675 1829 1752 ἑλέσθαι,
1906 1676 1974 1741 ἐν
2040 1675 2080 1760 ᾖ
2155 1676 2264 1742 καὶ

395 1783 596 1844 ταῦτα
654 1778 760 1843 καὶ
819 1776 1041 1842 πολλὰ
1081 1776 1230 1842 ἄλλ’
1297 1778 1393 1842 ἔτι
1447 1781 1683 1842 τούτων
1747 1775 2060 1859 δεινότερά
2124 1778 2265 1840 ἐστι

250 1864 373 2005 {gg
394 1882 808 1967 γεγραμμένα.
893 1885 970 1966 τῇ
1013 1881 1129 1963 μὲν
1166 1880 1241 1963 δὴ
1274 1881 1463 1946 πόλει
1497 1883 1698 1946 ταῦτα
1734 1879 1743 1967 Ι
1786 1881 1855 1944 ἐκ
1883 1883 1993 1960 τῆς
2022 1879 2265 1966 εἰρήνης

394 1985 663 2067 «γέγονεν,
714 1984 798 2050 ὧν
835 1982 957 2050 οὐδ’
998 1983 1196 2069 εὑρεῖν
1228 1982 1465 2071 αἰσχίω
1504 1981 1732 2070 ῥᾴδιον,
1781 1987 1909 2053 τοῖς
1955 1980 2022 2046 δὲ
2068 1979 2264 2066 πρέσ-

393 2091 549 2166 βεσι
599 2087 665 2152 τί
706 2091 836 2157 τοῖς
876 2091 1074 2151 ταῦτα
1116 2084 1471 2170 πράξασιν;
1533 2082 1615 2148 τὰ
1656 2084 1771 2165 μὲν
1816 2082 1993 2148 ἄλλα
2038 2084 2264 2146 σιωπῶ

395 2186 600 2265 πάνθ’,
632 2183 757 2250 ὅσα
786 2184 1092 2271 έωράκαθ’
1134 2185 1320 2267 ὑμεῖς,
1356 2184 1568 2263 οἰκίας,
1603 2182 1783 2267 ξύλα,
1816 2180 2065 2266 πυρούς·
2112 2181 2262 2245 ἀλλ’

394 2292 461 2355 ἐν
511 2291 588 2374 τῇ
640 2291 764 2354 τῶν
820 2286 1248 2353 ἀπολωλότων
1307 2286 1665 2374 συμμάχων
1731 2285 1913 2373 χώρᾳ,
1973 2284 2267 2365 κτήματα

490 2447 647 2509 5156.
719 2446 914 2494 κωλύειν
950 2443 1009 2492 Y.
1048 2458 1088 2493 r.
1131 2444 1181 2492 et
1211 2461 1288 2505 ‘rp-
1330 2441 1388 2503 Q.
1460 2441 1580 2488 Mox
1614 2442 1723 2501 ἡμῖν
1756 2439 1814 2489 F.
1838 2440 1888 2490 s.
1907 2440 1968 2489 Y.
1994 2440 2052 2500 Q.
2076 2440 2125 2489 k,
2149 2455 2189 2489 r.
2219 2453 2262 2488 s.

395 2561 479 2610 A1.
502 2560 975 2621 13.--÷77250woa.
992 2556 1048 2618 Q,
1080 2556 1138 2606 o.
1160 2557 1210 2604 k.
1235 2571 1279 2605 r.
1306 2570 1345 2605 s.
1373 2558 1413 2604 t.
1436 2569 1485 2604 u.
1500 2569 1546 2604 v.
1575 2554 1653 2604 A1.
1720 2519 1998 2615 ἡγήσὲισθαι
2018 2553 2076 2600 F.

495 2626 657 2685 §157.
726 2626 852 2672 ἐστιν
876 2625 907 2670 ἃ,
931 2621 981 2670 S.
1017 2622 1142 2683 [“et
1181 2635 1359 2668 omnes
1399 2619 1643 2667 Codices'’
1686 2618 1886 2679 Voem.]
1941 2616 2108 2665 Hodie
2144 2631 2262 2665 eum

396 2688 691 2737 Editoribus
712 2684 927 2747 reposui.
1000 2684 1136 2735 Olim
1159 2683 1272 2732 dedi
1294 2682 1397 2733 ἐσθ’
1422 2686 1467 2731 ἃ..
1532 2685 1600 2731 οἷς
1632 2685 1822 2732 συνεῖπε
1853 2682 2012 2730 Dona.
2057 2684 2265 2742 propter

395 2753 714 2867 ξῖιὲᾚῖῖἕι
734 2749 953 2864 Ξελῖἓῗ..
976 2746 1550 2862 gfflfftssrsssstrffliss
1575 2747 1707 2858 321³·
1840 2748 1918 2795 Καὶ
1960 2748 2029 2804 μὴ
2062 2749 2263 2793 ’ωλέσω

495 2853 656 2940 ςιὲε.
725 2880 984 2941 πρεσβεῦσι
1023 2877 1082 2926 0.
1150 2875 1264 2923 vid.
1301 2875 1367 2923 ad
1404 2877 1429 2934 g
1468 2825 1584 2922 155‘}
1650 2849 1662 2860 ’

399 2948 606 3007 [πυρούς·
639 2943 750 2993 ἀλλ’
773 2942 937 2989 ΒΕΚΚ.
963 2942 1047 3003 st]
1080 2940 1236 2989 Dum.
1264 2940 1432 2988 Vomt.

1707 2875 1894 2935 πυρούς,
1937 2874 2048 2921 ἀλλ’
2092 2873 2258 2922 ΒΕΚΚ.

400 3092 450 3138 ἐν
483 3088 555 3148 τῷ
578 3088 678 3148 ἰδίῳ
703 3086 838 3147 λόγῳ
858 3087 883 3144 ἓ
905 3083 937 3130 4
958 3097 1007 3144 p.
1037 3084 1100 3131 28
1141 3082 1272 3132 St.=
1381 3078 1476 3131 See
1497 3083 1523 3141 ξ
1553 3081 1628 3130 16.
1762 3082 1961 3129 καλέσαι
1989 3082 2095 3129 τοὺς
2121 3082 2264 3142 πρέσ-

400 3154 494 3203 190
514 3152 574 3201 R.
1378 3145 1497 3208 βεις]
1527 3147 1625 3192 “to
1652 3157 1891 3191 summon
1911 3143 2127 3204 Phfflp’s
2156 3158 2264 3192 am-

465 3219 491 3277 §
517 3215 626 3265 156.
691 3213 758 3274 τῇ
810 3213 948 3261 πόλει
982 3212 1069 3270 μὲν
1109 3209 1282 3270 τοίνυν]
1379 3208 1645 3257 bassadors
1659 3211 1688 3233 ‘'
1711 3210 1765 3255 to
1786 3206 1911 3261 hear
1930 3207 2020 3255 the
2043 3207 2265 3256 decision

398 3295 468 3329 so.
491 3282 698 3342 γέγονεν.
772 3282 804 3305 “
821 3276 895 3324 To
926 3275 1015 3324 the
1042 3274 1146 3335 city
1168 3276 1283 3321 then
1380 3275 1434 3320 to
1467 3270 1634 3319 which
1669 3286 1772 3332 you
1813 3271 1918 3319 had
1970 3285 2128 3319 nome.
2196 3271 2264 3319 So

405 3345 492 3395 ...”
562 3342 655 3393 See
677 3356 744 3389 on
766 3341 885 3400 310.
952 3339 1128 3399 Comp.
1145 3340 1169 3397 ξ
1188 3338 1282 3386 154
1379 3329 1564 3384 Reiske
1593 3333 1782 3396 rightly
1802 3335 2142 3382 understands
2174 3334 2263 3382 the

397 3405 629 3456 followed
647 3404 704 3452 in
729 3407 755 3464 ἓ
781 3405 872 3453 155
906 3402 974 3465 by
993 3406 1093 3452 τοῖς
1118 3407 1205 3460 μὲν
1227 3403 1283 3460 δὴ
1379 3399 1555 3449 words,
1637 3399 1738 3446 For
1759 3401 2010 3460 ἐκκρούσας
2032 3412 2114 3446 see
2134 3401 2160 3458 ἓ
2183 3398 2260 3446 26.

400 3472 667 3530 Θηβ...τοῖς
689 3471 740 3517 δε
776 3470 1131 3530 πρέσβεσι...αε
1163 3465 1283 3513 here
1444 3463 1556 3513 386.
1574 3465 1600 3523 ξ
1618 3463 1728 3511 158.
1766 3466 1856 3511 ὅσα
1871 3463 2098 3524 ἑωράκαθ’
2117 3463 2262 3522 ὑμεῖς]

401 3539 428 3596 5
454 3535 547 3583 158
581 3534 643 3594 τῇ
676 3535 762 3592 μὲν
795 3533 853 3592 δὴ
891 3531 1189 3580 πόλει...τοῖς
1234 3531 1284 3578 δὲ
1381 3542 1421 3577 e.
1439 3541 1483 3588 g.
1511 3526 1823 3575 Philocrates
1860 3525 2147 3586 displaying
2180 3524 2264 3572 his

400 3602 631 3661 πρέσβεσι
638 3633 754 3646 ......
1380 3590 1715 3639 Macedonian
1736 3586 1853 3650 gold
1874 3589 1975 3637 and
2011 3588 2265 3650 changing

464 3665 489 3724 ς
513 3663 617 3712 157.
685 3662 742 3709 τὸ
785 3660 880 3707 τῶν
919 3674 1059 3717 συμμ.
1107 3658 1283 3719 δόγμα]
1380 3655 1424 3703 it
1461 3654 1646 3716 openly
1684 3656 1738 3702 at
1780 3652 1871 3701 the
1923 3653 2103 3701 banks,
2171 3652 2266 3701 See

2295 463 2410 534 156
2641 408 2651 591 ⁴

2294 1079 2407 1136 Ι57

2296 1780 2413 1852 158
