2667 4142
261 1203 365 1264 171

390 229 520 291 140
1014 228 1649 296 DEMOSTHENIS

392 381 644 470 ἔχρησα
671 380 1023 470 τάργύριον,
1055 384 1160 449 καὶ
1190 383 1270 449 τά
1298 384 1717 472 πεπραγμένα
1748 380 2130 464 ὑπομνήσας,
2162 380 2262 447 ’ἵνα

392 484 481 563 μὴ
531 481 767 549 δοκοῖεν
823 483 1094 549 ἔλαττον
1146 485 1316 571 ἔχειν
1373 484 1767 570 ἐπειχθέντες
1815 480 1959 563 μηδ’
2013 482 2084 545 ἐκ
2139 482 2263 546 τῶν

396 584 566 651 ἰδίων
602 585 1046 670 λελυτρῶσθαι
1075 585 1335 666 πένητες
1364 583 1703 668 ἄνθρωποι,
1734 587 1859 649 τῶν
1887 581 2109 646 ἄλλων
2138 579 2261 644 ὑπὸ

392 691 507 752 τοῦ
564 686 905 752 Φιλίππου
961 685 1499 769 προσδοκωμένων
1558 683 2008 770 ἀφεθήσεσθαι,
2063 681 2265 747 ἔδωκα

395 786 630 871 δωρεὰν
671 785 753 851 τὰ
792 785 1008 872 λύτρα.
1100 786 1231 849 Καὶ
1273 784 1373 849 ὅτι
1415 783 1588 850 ταῦτ’
1633 782 1840 864 ἀληθῆ
1883 786 2071 864 λέγω,
2114 782 2264 865 λε”γε

395 890 502 954 καὶ
531 886 760 958 ταύτας
788 886 901 958 τὰς
927 886 1286 971 μαρτυρίας.

1072 1057 1584 1121 ΜΑΡΤΤΡΙΑΙ.

505 1182 694 1248 ”Οσα
719 1182 837 1265 μὲν
863 1181 1069 1247 τοίνυν
1097 1180 1314 1266 ἀφῆκα
1343 1180 1643 1269 χρήματα
1672 1181 1778 1245 καὶ
1807 1180 2040 1265 δωρεὰν
2062 1180 2266 1247 ἔδωκα

394 1287 525 1353 τοῖς
575 1282 943 1368 ἀτυχήσασι
988 1284 1114 1345 τῶν
1162 1283 1464 1356 πολιτῶν,
1518 1280 1691 1346 ταῦτ’
1744 1281 1931 1346 ἐστίν.
2022 1280 2172 1345 ὅταν
2211 1280 2263 1346 δ’

395 1383 571 1454 οὗτος
605 1384 832 1449 αὐτίκα
873 1383 947 1464 δὴ
991 1381 1149 1466 λέγῃ
1192 1381 1348 1468 πρὸς
1391 1381 1549 1465 ὑμᾶς
1580 1390 1611 1416 “
1631 1410 1694 1448 τι
1723 1381 1973 1462 δήποτε,
2007 1381 2087 1452 ὡς
2124 1383 2264 1467 φῄς,

395 1485 444 1552 ὦ
501 1485 914 1568 Δημόσθενες,
978 1484 1108 1549 ἀπὸ
1163 1488 1276 1550 τοῦ
1333 1489 1653 1550 συνειπεῖν
1711 1484 1820 1567 ε’μὲ
1877 1485 2264 1571 Φιλοκράτει

395 1677 448 1740 [i.
461 1691 505 1726 e·
524 1679 709 1738 ἔχρησα
724 1678 779 1726 τὸ
798 1677 882 1737 ἀ.].
932 1678 1163 1739 ἐχρήσατ’
1186 1678 1463 1738 ἀργύριοντ.
1484 1677 1539 1739 [i.
1556 1691 1599 1726 e.
1621 1680 1804 1739 ἔχρησα
1827 1678 1969 1740 τάρ.].
2024 1680 2266 1740 ἐχρήσατο

395 1741 669 1803 ἀργύριαΕ.
699 1741 757 1789 Y.
784 1741 842 1789 O.
867 1742 903 1788 t.
929 1756 977 1790 u.
1003 1756 1052 1789 v.
1076 1741 1135 1788 B.
1174 1744 1353 1803 ἔχρησε
1376 1744 1432 1790 τὸ
1456 1745 1529 1803 ἀρ.
1554 1744 1642 1799 sm.
1659 1747 1741 1801 nm.
1768 1744 1824 1790 τὸ
1846 1743 2134 1803 ἀργύριονδ.

396 1809 473 1854 καὶ
496 1805 751 1854 ταύταςΡ.
773 1804 830 1866 Q.
855 1804 913 1852 Ο.
929 1804 978 1852 k.
998 1820 1039 1852 r.
1058 1819 1099 1852 e.
1118 1807 1158 1853 t.
1176 1819 1227 1852 u.
1246 1819 1294 1852 v.
1308 1803 1391 1853 A¹.
1405 1805 1486 1853 A2.
1502 1806 1564 1852 B.
1607 1806 2070 1856 Delentxaanxx.
2084 1809 2156 1869 [et
2179 1807 2265 1868 et]

394 1870 490 1919 En.
517 1869 694 1919 Τοιιιο.
724 1868 1073 1916 D1ND.V01m.

488 1935 671 2035 ἓ188...ι
714 1932 882 1982 αυτίκα
915 1934 986 1993 δή.
1056 1931 1171 1981 Vid.
1200 1931 1283 1980 ad.
1316 1936 1344 1994 g
1368 1933 1444 1983 18.
1455 1933 1969 1998 -συνεπρεσβεύσω
2002 1933 2058 1996 Q.
2132 1953 2264 1983 συνε-

393 2049 693 2110 πρέσβευσας
712 2045 770 2096 F.

392 2224 450 2259 ae
471 2224 503 2258 a
528 2209 747 2270 friendly
766 2210 900 2270 loan,
906 2209 934 2230 ”
957 2209 1174 2257 without
1204 2223 1283 2257 ex-

391 2274 595 2336 peeting
620 2274 835 2322 interest
862 2274 942 2321 for
971 2288 1059 2334 my
1079 2288 1276 2333 money,

393 2342 588 2400 κίχρημι
626 2341 701 2399 (or
736 2340 888 2400 χράω,
913 2337 1000 2385 the
1023 2338 1281 2398 generally

391 2402 620 2451 received
667 2401 877 2461 reading
920 2401 978 2449 in
1022 2400 1275 2462 Theophr.

393 2467 542 2515 Char.
567 2480 614 2516 x.
637 2466 739 2514 and
755 2480 856 2513 xxl.
874 2465 1068 2525 though
1082 2465 1276 2513 Buttm.

391 2533 487 2580 Irr.
525 2532 672 2579 Verbs
704 2544 755 2590 p.
780 2530 890 2585 268,
928 2531 1122 2579 Transl.
1162 2543 1276 2590 says

400 2597 480 2643 “a
510 2597 718 2654 present
750 2596 884 2654 χράω
916 2607 1070 2641 never
1100 2607 1276 2641 occure

393 2657 450 2706 in
491 2658 598 2706 this
642 2657 851 2719 sense’')
902 2657 949 2705 is
992 2658 1278 2718 frequently

393 2722 514 2771 thus
552 2721 738 2771 found:
776 2721 921 2769 Dem.
963 2721 1178 2769 Nicostr.
1222 2735 1273 2781 p.

395 2787 520 2834 1250
556 2786 582 2842 ἕ
609 2787 666 2832 12
702 2788 798 2832 τῶν
834 2788 885 2834 δὲ
917 2784 1167 2842 κτημάτων
1202 2802 1276 2833 σοι

392 2853 488 2898 τῶν
507 2850 630 2907 ἐμῶν
651 2851 843 2909 κίχρημι
865 2851 890 2897 ὅ
912 2867 957 2896 τι
985 2851 1148 2910 βούλει
1155 2887 1271 2898 ......

394 2913 604 2962 ἐνιαυτόν
629 2915 783 2973 ἀτόκῳ
808 2916 1016 2974 χρῆσθαι
1037 2915 1107 2973 τῷ
1133 2916 1275 2974 ἀργυ-

392 2980 490 3039 ρίῳ.
543 2977 612 3037 (It
635 2976 679 3023 is
696 2976 905 3024 obvious
924 2979 1112 3034 δανείζω
1129 2977 1278 3025 eould

393 3043 485 3089 not
506 3039 635 3089 have
664 3041 792 3088 been
824 3040 949 3088 used
980 3040 1141 3100 here.)
1210 3041 1277 3090 So

394 3106 537 3154 Auot.
567 3103 787 3154 Timoth.
818 3118 866 3166 P.
898 3105 1020 3153 1191
1054 3108 1079 3164 ς
1105 3106 1167 3152 23
1200 3104 1276 3165 ἐφ’

395 3169 431 3218 «Ξ
463 3170 508 3217 τ’
544 3168 691 3227 ἦλθον
726 3172 944 3230 ἔχρησε
980 3168 1087 3227 (i.e.
1130 3174 1277 3230 στρώ-

391 3250 529 3293 ματα
541 3237 619 3281 καὶ
636 3235 798 3290 ἱμάτια
814 3235 892 3280 καὶ
903 3233 1094 3291 φιάλας,
1111 3233 1279 3281 which

393 3296 483 3345 the
525 3295 670 3346 other
711 3295 815 3344 had
858 3299 970 3343 sent
1013 3295 1097 3343 hie
1142 3296 1279 3344 slave

396 3362 706 3420 αἰτήσασθαι)
740 3362 815 3408 καὶ
850 3364 936 3418 τὴν
955 3364 1073 3419 μνᾶν
1093 3363 1177 3408 τοῦ
1199 3365 1277 3419 ἀρ-

393 3429 559 3487 γυρίου
591 3425 647 3481 ἥν
681 3423 1027 3487 ἐδανείζετο,
1067 3423 1278 3473 ἐδάνει-

395 3506 509 3538 σεν.
575 3488 673 3536 Yet
703 3491 914 3548 χρήστης
950 3489 1002 3551 (α
1032 3490 1201 3536 debeor
1221 3489 1279 3535 in

395 3552 485 3601 the
503 3550 723 3607 Oratore,
748 3567 781 3599 a
811 3553 1024 3600 creditor
1043 3552 1100 3600 in
1121 3552 1274 3602 Arist.

394 3615 546 3679 Nub.)
570 3615 615 3663 is
636 3615 763 3663 used
784 3614 840 3662 in
864 3614 950 3662 the
973 3629 1112 3663 same
1135 3630 1282 3663 sense

392 3693 455 3730 88
510 3679 765 3739 δανειστής.
902 3683 1101 3728 ἔλαττον
1153 3682 1281 3741 ἔχειν

1382 2209 1701 2323 ἱέειχθέντῖἷι]
1734 2214 1765 2238 “
1780 2213 1835 2259 to
1857 2224 1999 2322 emilie
2021 2210 2267 2322 &tergori-se

1448 2289 1597 2323 oause
1689 2290 1717 2323 e
1778 2289 1905 2333 were
1980 2289 2086 2322 um
2211 2289 2268 2322 or

1385 2339 1561 2387 time.”
1647 2290 1825 2387 No{ioe
1877 2341 2269 2401 προσδοκωμένων

1378 2406 1593 2464 passive,
1618 2403 1813 2451 ‘'when
1834 2403 1876 2450 it
1898 2417 2000 2450 was
2030 2401 2268 2463 expected

1384 2466 1501 2515 that
1522 2466 1612 2515 the
1645 2467 1817 2514 others
1848 2465 2016 2513 would
2046 2466 2108 2515 be
2115 2504 2229 2516 ......
2236 2467 2266 2489 ”

1383 2530 1501 2591 Itys,
1524 2545 1626 2580 xlx.
1646 2534 1672 2591 ς
1691 2531 1754 2578 48
1775 2545 1824 2590 p.
1845 2530 1937 2579 156
1953 2530 2189 2579 St.=651
2202 2530 2264 2577 Β.

1384 2597 1707 2656 προσεδοκᾶτο
1723 2597 1991 2653 (Κλεοφῶν)
2007 2593 2133 2642 πάνυ
2150 2598 2266 2643 πολ·

1385 2662 1451 2707 λὰ
1494 2658 1549 2707 ἐκ
1593 2661 1675 2717 τῆς
1713 2661 1861 2719 ἀρχῆς
1899 2661 2039 2718 ἔχειν.
2112 2658 2263 2706 “-Me

1382 2721 1663 2770 lancthon
1648 2737 1694 2770 ιε
1715 2723 1823 2770 also
1839 2721 2019 2769 looked
2034 2722 2114 2769 for
2135 2724 2189 2769 to
2204 2721 2266 2769 be

1382 2785 1503 2834 here
1537 2785 1744 2847 shortly,
1755 2785 2031 2846 ”Thirlby
2058 2786 2115 2833 in
2149 2786 2264 2846 'ryt-

1382 2849 1471 2898 ler’
1476 2864 1499 2896 s
1520 2850 1760 2911 England
1780 2848 1943 2897 under
1964 2849 2053 2897 the
2079 2849 2268 2909 Reigns

1383 2913 1437 2961 oi
1455 2914 1674 2962 Edward
1695 2914 1783 2961 VI.
1803 2912 1904 2960 and
1921 2912 2081 2974 Mary,
2096 2913 2209 2961 Vol.
2228 2927 2262 2960 1.

1381 2979 1572 3089 R'Reeaz‘
1615 2980 2026 3090 ῑίκέιῗιίεετῖἴέεςο
2054 2978 2266 3101 Ἐροςέ

1378 3105 1569 3155 tione.”
1636 3105 1703 3153 So
1725 3119 1880 3166 many
1898 3107 2145 3166 μαρτυρίαι
2165 3104 2268 3152 had

1382 3169 1608 3229 recently
1635 3168 1763 3216 been
1795 3167 1928 3226 read,
1968 3169 2084 3217 that
2119 3169 2148 3217 Ι
2181 3182 2266 3217 see

1381 3247 1451 3281 no
1473 3246 1652 3280 reason
1675 3233 1754 3280 for
1774 3231 2014 3292 omitting
2036 3235 2130 3281 καί.

1448 3297 1591 3354 ς188.
1623 3297 1807 3357 ἀφῆκα]
1832 3295 2263 3356 “Ipartedwith,”

1385 3360 1650 3420 explained
1662 3359 2005 3420 immediately
2013 3360 2079 3421 by
2091 3362 2265 3422 δωρεὰν

1386 3427 1551 3474 ἔδωκα.
1622 3424 1689 3472 So
1711 3424 1925 3473 Nicostr.
1959 3437 2008 3485 p.
2041 3425 2165 3474 1249
2194 3426 2267 3483 §8

1386 3491 1569 3548 ἀφείην,
1596 3491 1622 3549 5
1644 3489 1674 3537 9
1696 3489 1847 3536 ἔδωκα
1868 3490 2046 3550 δωρεὰν
2078 3490 2127 3550 (Ι
2143 3502 2267 3548 aava

1384 3555 1430 3600 it
1473 3568 1529 3599 as
1571 3567 1606 3600 α
1635 3553 1747 3611 free
1789 3551 1925 3614 pist).
1996 3552 2170 3612 Comp.
2214 3565 2264 3613 p.

1388 3617 1514 3663 1250
1542 3617 1568 3675 ἓ
1594 3616 1653 3663 13
1688 3618 1813 3665 ὅπως
1845 3618 1911 3674 μὴ
1944 3616 2268 3675 εἰσπράττοιμι

1385 3680 1523 3729 αὑτὸν
1536 3682 1800 3743 τάργύριον,
1816 3680 1926 3730 ἀλλ’
1940 3678 2111 3742 ἀφείην
2124 3678 2265 3741 αὐτῷ.

2293 1178 2402 1234 188

2629 404 2651 629 ᾈΛᾼᾼ
2641 342 2649 363 .-
