2667 4142
823 202 943 267 DE
1000 202 1285 266 FALSA
1341 201 1862 268 LEGATIONE.
2150 207 2275 269 253
2327 282 2332 290 ,

406 357 518 438 τὴν
564 356 807 424 δικαίαν
863 363 1093 444 ψῆφον
1145 357 1301 443 ὑπὲρ
1354 361 1463 437 τῆς
1521 359 1822 442 πατρίδος
1868 360 2094 425 θέσθαι
2140 358 2278 426 κατ’

406 457 624 542 ἀνδρὸς
664 457 747 537 ὅς,
788 458 837 523 ὦ
875 463 956 540 1’γῆ
993 459 1098 524 καὶ
1142 460 1284 538 θεοί,
1325 461 1531 525 ἐκεῖνα
1567 458 1609 524 ἃ
1650 462 1976 544 διεξῆλθον
2012 463 2078 526 ἐν
2111 461 2279 550 ἀρχῇ

408 559 930 644 δεδημηγορηκώς,
990 561 1096 626 τὸν
1150 563 1540 647 Μαραθῶνα,
1600 563 1713 634 τὴν
1771 560 2121 643 Σαλαμῖνα,
2166 563 2279 634 τὰς

407 658 636 746 μάχας,
684 657 763 722 τὰ
811 659 1106 743 τρόπαια,
1153 659 1452 741 ἐξαίφνης
1489 659 1569 728 ὥς
1610 660 1812 739 ἐπέβη
1864 660 2275 737 Μακεδονίας,

406 760 621 826 πάντα
639 759 940 825 τάναντία
962 759 1203 829 τούτοις
1227 760 1424 842 ἔλενγε,
1446 760 1532 839 μὴ
1556 760 1882 844 προγόνων
1900 763 2275 843 μεμνῆσθαι,

407 862 492 941 μὴ
526 864 804 946 τρόπαια
838 860 1065 942 λέγειν,
1098 861 1184 942 μὴ
1213 862 1474 941 Βοηθεῖν
1511 862 1747 943 μηδενί,
1784 862 1872 942 μὴ
1913 865 2084 945 κοινῇ
2122 858 2284 942 μετὰ

410 966 532 1028 τῶν
558 963 888 1043 Ἑλλήνων
916 962 1359 1042 βουλεύεσθαι,
1395 965 1584 1044 μόνον
1624 964 1694 1029 οὐ
1735 966 2022 1030 καθελεῖν
2052 964 2132 1029 τὰ
2158 968 2277 1029 τεί-

256 1083 378 1145 357
408 1091 511 1151 χη.
600 1068 804 1130 καίτοι
842 1066 1078 1131 τούτοιν
1115 1065 1409 1154 αἰσχίους
1446 1068 1629 1149 λό’γοι
1663 1066 1900 1137 οὐδένες
1940 1066 2185 1132 πώποτ’
2216 1069 2281 1133 ἐν
2308 1088 2422 1144 312

407 1170 497 1253 τῷ
540 1167 736 1233 παντὶ
776 1168 985 1255 χρόνῳ
1024 1168 1324 1251 1’γενγόνασι
1371 1167 1521 1252 παρ’
1561 1167 1718 1251 ὑμῖν.
1807 1171 1900 1241 τίς
1937 1169 2061 1253 «γάρ
2104 1170 2282 1235 ἐστιν

406 1267 738 1350 Ἑλλήνων
781 1269 821 1350 ἢ
867 1270 1223 1354 βαρβάρων
1261 1268 1422 1334 οὕτω
1463 1268 1683 1341 σκαιὸς
1728 1270 1835 1336 καὶ
1875 1269 2133 1351 ἀνήκοος
2178 1271 2283 1335 καὶ

411 1475 566 1522 quam
609 1460 667 1509 in
709 1464 771 1511 τὰ
807 1463 953 1523 δεῦρο,
990 1461 1127 1523 quod
1164 1462 1287 1510 alibi
1326 1461 1528 1511 dicitur.
1599 1461 1749 1523 Apud
1778 1463 2044 1511 Platonem
2082 1476 2283 1525 semper

415 1533 598 1574 motum
620 1525 874 1585 significat
897 1526 1125 1586 ἐνταυθοῖ,
1155 1529 1357 1587 praeter
1384 1525 1580 1574 Phileb.
1602 1527 1661 1574 15
1684 1526 1743 1584 A,
1764 1529 1814 1574 et
1835 1541 1927 1573 vu.
1951 1527 2098 1587 Legg.
2128 1528 2221 1576 822
2239 1527 2278 1577 Ο

412 1589 534 1650 (nisi
552 1590 824 1651 utrobique
846 1590 1052 1639 ἐνταῦθα
1071 1589 1455 1651 reponendum),
1474 1605 1596 1638 nam
1619 1590 1747 1638 alios
1770 1591 1907 1638 locos
1929 1604 2055 1651 quos
2076 1592 2278 1651 collegit

411 1653 518 1703 Ast.
558 1653 729 1701 Lexic.
766 1653 810 1701 si
843 1667 959 1703 vere
993 1653 1235 1715 dispicias
1265 1654 1691 1715 significationem
1720 1661 1876 1702 motus
1905 1668 2026 1714 prae
2064 1669 2119 1703 se
2148 1657 2276 1704 ferre

410 1717 559 1765 facile
574 1716 846 1778 intelligas,
917 1719 1097 1779 Itaque
1121 1718 1303 1766 credo·
1287 1733 1347 1766 m
1370 1718 1495 1765 Eur.
1518 1718 1633 1779 Iph.
1664 1718 1721 1765 Τ.
1746 1718 1933 1781 984(=
1945 1719 2070 1768 1010
2090 1721 2245 1768 Dina.
2258 1724 2274 1781 )

411 1780 736 1831 retinendum
770 1783 996 1839 ἐνταυθοῖ,
1031 1785 1082 1830 et
1113 1796 1230 1830 vere
1255 1782 1525 1830 tradidisse
1559 1782 1797 1832 Eustath.
1828 1782 1893 1830 ad
1917 1782 2271 1843 Odyss.xvu1.

414 1846 508 1893 104
529 1860 578 1906 p.
606 1847 749 1904 1839,
774 1847 835 1894 60
860 1847 1158 1904 σημειοῦνταί
1180 1848 1231 1894 δὲ
1266 1849 1308 1895 οἱ
1341 1849 1550 1902 παλαιοί,
1591 1849 1649 1897 ὡς
1676 1849 1733 1895 τὰ
1756 1850 1845 1906 μὲν
1879 1846 2101 1895 ἐνταυθοῖ
2121 1851 2208 1906 τὴν
2229 1848 2280 1896 ἐν

412 1911 546 1969 τόπῳ
576 1911 712 1972 [Leg.
752 1913 813 1961 είς
834 1913 994 1969 τόπον,
1018 1911 1096 1958 uti
1128 1910 1308 1958 suadet
1329 1910 1489 1957 totius
1509 1911 1608 1958 loci
1629 1910 1761 1959 ratio
1783 1925 1934 1971 quem
1968 1910 2094 1958 citat
2123 1910 2278 1959 Dind.

413 1971 574 2023 Praef.
624 1975 762 2024 Poet.
826 1975 969 2024 Scen.
1020 1989 1071 2034 p.
1116 1975 1254 2035 xxx]
1310 1977 1550 2033 σημασίαν
1593 1977 1741 2033 δηλοῖ,
1780 1977 1836 2023 τὸ
1869 1977 1919 2023 δὲ
1956 1978 2162 2024 ἐνταῦθα
2204 1980 2281 2024 καὶ

411 2040 499 2096 τὴν
531 2040 580 2086 ἐν
599 2040 734 2098 τόπῳ
758 2041 833 2086 καὶ
867 2042 955 2096 τὴν
980 2042 1043 2088 εἰς
1064 2040 1225 2086 τόπον.
1293 2038 1612 2099 Quamquam
1646 2039 1795 2087 aliter
1826 2038 2072 2099 praecipit
2094 2040 2278 2087 Ioann.

411 2102 549 2151 Alex.
572 2117 623 2163 p.
639 2103 717 2160 36,
734 2103 764 2149 2
784 2105 993 2150 ἐνταῦθοι
1008 2106 1096 2160 τὴν
1109 2106 1255 2161 αὐτὴν
1268 2106 1371 2164 ἔχει
1393 2106 1635 2161 σημασίαν
1651 2105 1722 2163 τῷ
1738 2103 1942 2151 ἐνταῦθα
1956 2106 2027 2163 τῷ
2042 2111 2279 2164 πρωτοτύ-

412 2183 488 2225 πῳ
510 2180 662 2226 quem
683 2165 863 2214 itidem
885 2166 1094 2214 adduxit
1114 2165 1347 2216 Dindorf.
1416 2166 1515 2216 Sed
1557 2167 1775 2215 breviter
1809 2168 1862 2214 et
1897 2167 2107 2215 obscure
2150 2167 2281 2215 dixit

411 2230 817 2281 Grammaticus:
852 2233 903 2278 et
934 2230 1138 2278 videtur
1170 2229 1308 2277 idem
1343 2233 1539 2290 οὐδαμοῖ
1566 2245 1714 2291 posse
1752 2234 1963 2291 quietem
1991 2230 2277 2290 significare

411 2292 624 2344 dixisse:
676 2294 848 2355 itaque
895 2294 1208 2353 corruptelae
1246 2293 1442 2355 aliquid
1485 2295 1693 2343 subesse
1734 2298 2094 2355 put0.——r)1v
2143 2296 2280 2358 (ante

410 2358 609 2422 δικαίαν)
646 2358 801 2406 eximi
842 2357 985 2419 jubet
1030 2358 1200 2408 Cobet.
1251 2358 1370 2407 Var.
1416 2358 1558 2406 Lect.
1604 2373 1655 2420 p.
1703 2359 1811 2407 118.
1878 2358 1994 2406 Vid.
2039 2358 2107 2407 ad
2138 2363 2163 2420 ξ
2196 2359 2273 2409 99.

409 2425 588 2481 ταύτην
612 2426 772 2485 ψῆφον
793 2423 851 2470 F.
876 2422 935 2482 Q.
968 2420 1027 2471 Ο.
1060 2436 1099 2471 r.
1130 2424 1166 2469 t.
1192 2435 1243 2469 u.
1267 2436 1313 2471 v.
1351 2422 1487 2482 vulg.
1524 2425 1645 2470 ante
1679 2422 2140 2483 Busa—&eye
2172 2437 2273 2471 om.

411 2485 464 2535 S.
506 2485 563 2533 in
584 2503 665 2547 γρ.
698 2485 892 2533 habent
923 2486 981 2533 F.
1017 2486 1078 2544 Q.
1113 2500 1213 2533 om.
1248 2486 1344 2535 En.
1385 2485 1566 2534 Tamo,
1600 2486 1759 2535 Dmn.
1794 2485 1964 2534 Vomc.
1999 2487 2165 2537 Bmm.
2209 2490 2272 2536 st.

411 2554 442 2577 “
463 2549 592 2598 Vide
614 2564 679 2598 ne
700 2550 912 2660 verbgm
953 2548 1193 2597 debeatur
1222 2549 1634 2612 interpretanti.”
1701 2550 1918 2600 Scmr.
1988 2551 2106 2598 Non
2136 2554 2279 2612 puto.

408 2639 539 2652 ——-
575 2616 801 2664 ούλεσθαι
861 2648 874 2661 .

504 2617 661 2738 ἓξὶ57.
728 2680 875 2726 οὑτως
901 2679 1055 2740 καιρὸς
1090 2692 1130 2725 s.
1153 2693 1206 2726 u.
1275 2680 1439 2728 σκαιὸς
1473 2679 1504 2738 ἣ
1541 2680 1734 2737 ἀνήκοος
1768 2678 1904 2738 vulg.
1941 2680 2062 2726 ante
2095 2678 2277 2728 Rmsx.

408 2741 594 2790 Probat
617 2741 904 2791 Somne.
968 2741 1124 2790 Dedit
1146 2742 1318 2791 Vonu.
1387 2742 1488 2792 Sed
1519 2743 1694 2791 nullus
1717 2757 1745 2791 e
1766 2742 2101 2792 Bekkerianis
2123 2742 2279 2792 habet

405 2904 495 2961 τὴν
517 2900 688 2949 before
705 2902 904 2958 δικαίαν,
927 2913 984 2949 as
1005 2914 1144 2948 some
1167 2900 1294 2948 omit
1390 2904 1514 2960 μεθα
1551 2904 1794 2963 προδόται.
1850 2900 2135 2950 Aeschines
2176 2901 2280 2950 had

404 2966 448 3014 it
467 2966 626 3027 here).
763 2967 978 3025 ἐξαίφνης
1000 2966 1144 3026 ὡς...]
1181 2968 1213 2993 “
1226 2966 1296 3012 As
1391 2966 1499 3013 also
1520 2966 1763 3027 probably
1790 2965 1897 3013 this
1917 2965 2097 3026 charge
2117 2966 2175 3014 in
2195 2965 2279 3015 his

406 3044 533 3078 soon
561 3044 617 3077 as
638 3029 704 3077 he
724 3028 828 3076 had
847 3028 1062 3076 trodden
1091 3044 1158 3076 on
1185 3029 1290 3076 Ma·
1389 3029 1515 3077 view
1531 3029 1588 3076 in
1609 3029 1698 3077 the
1721 3030 2020 3090 concluding
2043 3033 2280 3079 sentence

404 3093 651 3141 cedonian
664 3092 912 3152 ground.’'
976 3093 1130 3140 Dobr.
1155 3107 1290 3141 com·
1390 3094 1445 3140 of
1477 3093 1591 3141 that
1612 3108 1732 3153 very
1754 3095 2016 3142 histrionia
2054 3094 2195 3155 piece
2228 3094 2282 3141 of

403 3171 552 3218 pares
587 3156 824 3205 Aeschin.
848 3161 874 3216 ἓ
898 3158 990 3204 152
1024 3171 1074 3217 p.
1114 3158 1178 3205 48
1215 3157 1290 3206 St.
1390 3160 1605 3217 oratory‚
1630 3157 1693 3205 de
1714 3156 1897 3204 Coron.
1915 3158 1943 3215 ἓ
1965 3159 2027 3208 78
2048 3172 2099 3217 p.
2123 3158 2183 3207 65
2201 3157 2275 3207 St.

415 3222 565 3272 :317
601 3221 664 3268 R.
712 3223 768 3269 οὐ
808 3224 906 3282 ’γὰρ
952 3222 984 3280 ἡ
1020 3223 1292 3270 Μακεδονία
1401 3221 1551 3271 --470
1572 3222 1634 3268 Β.
1702 3223 1797 3269 οὐδ’
1828 3224 1958 3270 ὅστις
1994 3223 2122 3269 ἐστὶν
2165 3225 2282 3270 οἴκοι

407 3288 574 3334 κακοὺς
615 3286 648 3344 ἦ
699 3287 935 3345 χρηστοὺς
989 3288 1127 3344 ποιεῖ,
1177 3287 1289 3334 ἀλλ’
1392 3287 1589 3345 φαῦλος,
1612 3283 1827 3334 οὐδέποτ’
1850 3284 1908 3344 ἦν
1931 3283 1982 3333 ἐν
2014 3287 2282 3346 Μακεδονίᾳ

406 3351 440 3407 ἡ
476 3354 633 3410 φύσις·
670 3349 760 3397 οὐδ’
812 3351 954 3406 ἐσμὲν
989 3351 1137 3411 ἕτεροί
1168 3367 1289 3398 τινες
1394 3352 1521 3398 κατὰ
1547 3352 1637 3407 τὴν
1667 3351 1926 3410 πρεσβείαν
1958 3351 2103 3398 καλὸς
2132 3351 2272 3411 κάγα·

405 3413 593 3473 ἥκοντες
627 3415 723 3462 ἀπὸ
750 3416 834 3471 τῆς
868 3415 1140 3474 πρεσβείας,
1179 3415 1291 3462 ἀλλ’
1396 3416 1496 3463 θός·
1544 3416 1597 3462 οὐ
1616 3416 1714 3474 γὰρ
1744 3416 1828 3462 τὸν
1847 3414 2026 3474 τρόπον
2048 3416 2177 3463 ἀλλὰ
2200 3418 2283 3463 καὶ

408 3482 529 3526 οἵους
568 3476 1056 3537 &festucam—and
1077 3480 1103 3537 ἓ
1125 3478 1203 3533 23,
1230 3478 1292 3524 81
1393 3481 1477 3527 τὸν
1499 3481 1646 3526 τόπον
1665 3475 1807 3534 μόνον
1826 3480 2139 3536 μετήλλαξεν.

417 3543 566 3592 :209
611 3541 836 3600 Ἀθήνησι
885 3543 971 3599 μὲν
1011 3541 1129 3600 ἦμεν
1173 3544 1291 3601 ἄξιοι
1457 3543 1616 3602 5357.
1653 3542 1864 3602 ἀνήκοος]
1884 3546 1917 3568 “
1937 3539 2281 3601 Unacquaint-

406 3609 492 3664 τῆς
513 3607 736 3667 ὑμετέρας
748 3608 950 3654 πίστεως
977 3642 1073 3654 .....
1080 3607 1292 3656 ἐλθόντες
1396 3604 1458 3652 ed
1500 3605 1620 3653 with
1664 3605 1960 3653 traditional
1987 3604 2142 3666 lore,”
2166 3605 2279 3662 i.e.,

409 3674 448 3719 δ’
473 3672 537 3720 είς
573 3671 871 3720 Μακεδονίαν
898 3672 1115 3730 ἐξαίφνης
1138 3671 1291 3729 ἐγενό-
1396 3684 1455 3718 as
1509 3684 1581 3718 we
1636 3668 1823 3718 should
1874 3683 1980 3731 say,
2032 3684 2086 3717 νο
2133 3683 2281 3718 unac-
