2667 4142
785 208 906 271 DE
964 207 1248 276 FALSA
1304 207 1835 273 LEGATIONE.
2166 208 2250 276 27

375 363 490 429 δάν
534 392 598 430 τι
643 365 940 449 λέγοντος
987 365 1184 449 ἀκούῃ
1239 392 1364 447 μου
1406 365 1416 451 1
1465 370 1590 430 τῶν
1634 363 2092 449 πεπραγμένων
2140 367 2248 432 καὶ
2276 393 2403 457 349

375 463 525 549 δοκῇ
556 466 751 532 δεινὸν
778 466 946 555 αὐτῷ
974 469 1077 532 καὶ
1108 467 1524 552 ὑπερβάλλον
1552 466 1725 541 εἶναι,
1759 475 1795 503 “
1814 466 1949 532 εἶτα
1977 466 2104 532 τότ’
2136 466 2247 533 οὐκ

273 595 347 650 29
375 564 586 648 ἔλεγες
623 572 1019 656 παραχρῆμα
1060 572 1262 633 ταῦτα
1306 565 1431 632 οὐδ’
1464 567 1782 637 ἐδιδασκες
1823 566 1985 647 ἡμᾶς
2006 565 2067 648 ;”
2097 566 2244 632 θαυ·
2275 571 2349 628 26

373 666 552 751 μάζῃ,
586 667 762 732 ἀλλὰ
785 667 1162 748 μεμνημένοι
1191 667 1304 736 τὰς
1336 666 1720 753 ὑποσχέσεις
1749 669 1859 737 τὰς
1887 667 2142 745 τούτων,
2173 666 2248 736 ἃς

374 768 474 851 ἐφ’
516 771 799 834 ἑκάστων
841 767 1200 850 ποιούμενοι
1244 770 1369 832 τῶν
1414 772 1645 853 καιρῶν
1696 769 2005 849 ἐξέκλειον
2052 769 2249 851 λόγου

373 870 711 957 τυγχάνειν
737 871 877 939 τοὺς
908 869 1162 947 ἄλλους,
1194 870 1301 934 καὶ
1330 869 1445 951 τὴν
1473 871 1857 951 ἐπαγγελίαν
1884 871 1997 949 τὴν
2024 871 2248 936 τούτου

374 972 607 1052 ταύτην
642 971 755 1052 τὴν
799 973 1020 1051 καλήν,
1067 970 1256 1051 εἰδῆθ’
1288 970 1386 1036 ’ὅτι
1427 970 1581 1058 πρὸς
1625 971 1831 1036 ὅπασι
1860 976 1988 1041 τοῖς
2023 972 2248 1042 ἄλλοις

375 1073 483 1139 καὶ
521 1079 706 1138 τοῦτο
741 1073 1040 1153 ἠδίκησθε
1079 1071 1182 1139 ὑπ’
1215 1073 1422 1150 αὑτοῦ,
1453 1070 1549 1139 ὅτι
1578 1072 1825 1154 τάληθῆ
1855 1077 2249 1161 παραχρῆμα

375 1178 483 1243 καὶ
531 1177 687 1258 ἡνίκ’
740 1179 862 1243 ἔδει
909 1178 1343 1245 πυνθάνεσθαι
1390 1177 1804 1257 διεκωλύθητε
1862 1178 2085 1242 ἐλπίσι
2140 1178 2248 1243 καὶ

273 1299 350 1354 30
375 1285 784 1365 φενακισμοῖς
813 1282 919 1345 καὶ
950 1281 1385 1369 ὑποσχέσεσιν
1421 1278 1904 1363 ἐξαπατώμενοι.
1992 1278 2248 1364 πρώτου
2276 1316 2344 1374 ²7

373 1375 490 1457 μὲν
541 1378 765 1444 τούτου
809 1378 915 1442 καὶ
961 1377 1245 1457 μάλισθ’,
1308 1376 1502 1464 οὗπερ
1562 1376 1754 1453 εἶπον,
1814 1376 1992 1441 ἕνεκα
2048 1378 2247 1440 ταῦτα

375 1476 717 1560 διεξῆλθον,
764 1479 1051 1561 δευτέρου
1094 1479 1160 1545 δὲ
1204 1481 1407 1560 τι’νος;
1459 1479 1566 1543 καὶ
1610 1478 1786 1543 οὐδὲν
1830 1476 2162 1546 ἐλάττονος
2204 1476 2244 1558 ἢ

375 1579 614 1658 τούτου,
655 1579 755 1646 ἵνα
792 1579 906 1662 τὴν
950 1579 1036 1646 ’ὅτ’
1084 1581 1544 1668 ἀδωροδόκητος
1587 1580 1835 1668 ὑπῆρχε
1876 1579 2248 1665 προαίρεσιν

471 1763 498 1821 5
522 1761 600 1809 29.
670 1761 906 1821 ἐξέκρονον
925 1762 1013 1821 Bm.
1037 1774 1191 1821 marg.
1218 1761 1276 1811 B.
1305 1762 1357 1808 et
1378 1778 1455 1822 γρ.
1478 1760 1536 1808 F.
1564 1759 1611 1809 S.
1643 1759 1834 1820 Q.-al.
1874 1761 2102 1821 ἐξέβαλον
2138 1772 2245 1807 8.-

374 1825 576 1883 βαλλον.
611 1826 850 1884 ἐξέκρουον
889 1823 1076 1872 arridet
1115 1825 1431 1874 SGHAEFERO.
1500 1824 1575 1872 Of.
1599 1828 1625 1884 ς
1647 1825 1723 1873 26.
1858 1824 1975 1871 Mox
2005 1825 2243 1882 ἐξαπατώ-

374 1906 505 1947 μενοι
525 1902 624 1937 om.
657 1888 753 1935 Eu.
779 1887 956 1937 Tumc.
994 1888 1162 1937 me.
1188 1903 1340 1949 quem
1377 1888 1508 1936 male
1546 1888 1699 1935 habet
1737 1890 2039 1947 φενακισμοῖς
2069 1890 2243 1946 ἐξαπα·

376 1954 567 2000 ricem.
637 1950 693 1999 Si
714 1951 968 2012 Aristoph.
1001 1952 1191 2011 OEqmt.
1218 1953 1331 2010 633)
1357 1956 1431 2000 καὶ
1454 1954 1550 2001 τοῖς
1573 1954 1932 2013 φενακισμοῖσιν
1945 1953 2244 2011 ἐξαπατωμέ-

376 2034 458 2074 νην
477 2017 612 2063 recte
634 2014 780 2072 dixit,
806 2014 984 2074 quidni
1011 2015 1417 2064 Demosthenes?
1451 2015 1552 2067 Sed
1573 2018 1623 2063 et
1645 2034 1724 2079 γρ.
1754 2015 1802 2065 S.
1833 2016 2073 2077 agnoscit.
2113 2014 2169 2079 [⁶⁶
2185 2014 2243 2062 in

373 2097 453 2143 γρ.
483 2093 640 2139 marg.
664 2079 859 2139 antiq.”
896 2079 1085 2140 Venta]

439 2257 551 2306 349.
586 2257 710 2315 §29.
778 2258 865 2314 τὴν
886 2258 962 2305 ἐπ’.
992 2256 1080 2314 τὴν
1093 2253 1261 2303 τούτου

376 2321 556 2379 ταύτην
576 2323 662 2379 τὴν
684 2320 851 2380 καλήν]
886 2320 984 2366 For
1010 2319 1097 2366 the
1119 2333 1258 2379 repe-

375 2384 527 2433 tition
571 2384 623 2432 of
664 2383 752 2431 the
781 2383 954 2431 article
999 2383 1105 2446 (the
1148 2382 1261 2430 first

376 2452 463 2508 τὴν
482 2447 953 2508 Βεῑοηςειοτούτου,
973 2446 1060 2494 the
1077 2444 1261 2494 second

375 2515 429 2559 to
473 2512 638 2575 καλήν)
687 2525 848 2571 eomp.
896 2510 1020 2564 Mid.
1066 2524 1115 2570 p.
1164 2510 1258 2558 563

376 2578 400 2635 ἓ
422 2577 514 2625 149
536 2579 607 2624 τιὶ
623 2593 641 2625 ς
664 2573 1089 2637 αἶποῤῥήτους...τα
1108 2591 1128 2623 ς
1156 2572 1260 2622 τού·

375 2658 458 2688 του
478 2642 621 2700 ’γονάς
641 2639 822 2693 (where
856 2638 1052 2686 Bekker
1089 2651 1257 2685 cause-

375 2703 529 2764 lessly
568 2703 695 2764 [τοὶς]
739 2702 938 2758 τούτου).
1011 2701 1170 2749 Thuc.
1217 2715 1252 2750 1.

377 2768 438 2814 23
467 2769 498 2825 ἡ
531 2771 621 2827 οὐχ
654 2767 830 2825 ἥκιστα
861 2764 1155 2827 βλάψασα...
1189 2765 1260 2824 ..ἡ

377 2830 609 2889 λοιμώδης
642 2834 775 2879 νόσος
806 2829 988 2891 (where
1020 2829 1127 2876 also
1162 2828 1258 2876 Ed.

378 2895 422 2942 1.
461 2894 618 2942 Bekk.
660 2892 734 2956 [ἡ]
768 2892 1046 2952 ofix.'.1'he
1086 2891 1262 3003 article

375 2956 497 3005 here
533 2957 682 3005 could
708 2960 800 3004 not
834 2957 897 3003 be
930 2955 1244 3018 omitted).1

380 3020 471 3068 126
510 3024 561 3069 ἐν
597 3024 662 3081 τῇ
696 3022 784 3069 τοῦ
819 3023 986 3069 Διὸςτ
1056 3022 1262 3080 μεγίστῃ

380 3087 534 3146 ἑορτῇ.
599 3084 788 3133 Herod.
832 3098 899 3132 v1.
945 3038 1018 3131 43²
1051 3085 1168 3131 τῶν
1210 3086 1264 3132 ἐκ

381 3151 608 3207 Σκαπτῆς
621 3149 768 3206 ’Ὕλης
791 3166 900 3195 των
933 3149 1148 3208 χρυσέων
1184 3166 1262 3206 με-

380 3211 585 3261 τάλλων.
670 3211 866 3259 Dobree
908 3213 1084 3270 quotes
1128 3211 1254 3259 Plat.

383 3277 528 3336 Gorg.
568 3277 661 3324 502
696 3275 741 3322 A
777 3274 808 3332 ἠ
852 3279 999 3333 σεμνὴ
1026 3275 1148 3333 αὕτη
1184 3277 1263 3324 καὶ

384 3343 631 3398 θαυμαστὴ
654 3340 685 3398 ἡ
714 3342 798 3397 τῆς
825 3341 1089 3400 τραγῳδίας
1129 3341 1263 3398 ποίη·

383 3422 453 3453 σις
476 3403 659 3464 (where
681 3417 763 3450 see
787 3400 1007 3463 Stallb.).

446 3471 469 3527 ἓ
493 3470 568 3517 30.
590 3469 668 3516 καὶ
685 3468 816 3514 οὐδὲν
836 3466 1107 3525 ἐλάττονος]
1134 3467 1168 3491 “
1186 3467 1264 3514 καὶ

382 3532 587 3579 mallem
630 3530 876 3577 omissum
890 3528 917 3552 '²
979 3529 1264 3578 Souara-R.

385 3594 647 3644 Translate
667 3614 678 3645 ς
734 3595 768 3619 “
791 3594 914 3655 Why
938 3607 1055 3640 even
1076 3607 1145 3639 no
1165 3592 1265 3641 less

384 3673 413 3708 a
455 3662 643 3709 matter
681 3656 811 3705 than
849 3655 998 3706 this.”
1051 3659 1129 3706 καὶ
1171 3656 1267 3705 has

1365 2255 1505 2303 often
1547 2254 1722 2316 rashly
1757 2254 1885 2302 been
1928 2254 2132 2315 ejected.
2217 2253 2245 2302 Ι

1360 2318 1511 2366 think
1524 2317 1567 2366 it
1583 2333 1700 2380 may
1715 2318 1777 2366 be
1792 2318 2020 2366 retained
2040 2318 2098 2365 in
2112 2317 2240 2365 Plat.

1359 2382 1616 2441 Protagor.
1648 2384 1741 2432 309
1776 2382 1822 2429 D
1857 2386 1933 2431 καὶ
1979 2381 2245 2443 σοφωτάτῳ

1359 2450 1445 2504 μὲν
1467 2444 1650 2495 0610...st
1672 2449 1748 2494 καὶ
1771 2446 1833 2492 be
1862 2446 2046 2503 closely
2067 2444 2242 2506 joined

1357 2509 1483 2558 with
1504 2509 1592 2557 the
1610 2509 1967 2570 superlative,
1973 2509 2121 2570 ‘Nay
2141 2523 2242 2569 you

1360 2573 1541 2621 should
1565 2588 1653 2634 say
1676 2576 1786 2632 (not
1808 2575 1948 2635 σοφῷ
1972 2572 2083 2635 but)
2114 2586 2241 2620 even

1359 2637 1449 2684 the
1491 2637 1707 2686 wisent?
1794 2637 1899 2685 Nor
1939 2637 1986 2685 is
2030 2640 2118 2696 μὲν
2160 2634 2244 2684 οὖν

1361 2703 1519 2763 (immo
1540 2705 1673 2760 vero>
1697 2715 1764 2748 an
1785 2701 2015 2750 obstacle.
2063 2700 2240 2761 Comp.

1360 2766 1443 2813 Ar.
1466 2765 1557 2811 Av.
1582 2767 1675 2812 823
1694 2768 1794 2814 καὶ
1815 2765 2004 2825 λῷστον
2021 2768 2126 2823 μὲν
2147 2765 2243 2812 οὖν

1388 2831 1395 2892 Ι
1425 2831 1481 2878 τὸ
1503 2831 1720 2890 Φλέγρας
1744 2832 1903 2878 πεδίον
1928 2828 2118 2891 (unless
2141 2842 2242 2889 any

1362 2906 1458 2940 one
1478 2892 1692 2940 hazards
1713 2892 1801 2941 the
1823 2893 2106 2953 conjecture
2128 2895 2243 2941 κοίλ-

1363 2960 1544 3016 λιστον,
1566 2955 1733 3003 which
1756 2956 1784 3004 Ι
1814 2957 1895 3003 for
1924 2971 2022 3003 one
2056 2956 2121 3003 do
2153 2958 2245 3003 not

1362 3022 1574 3067 venture
1595 3021 1768 3079 upon).
1826 3021 1872 3080 [I
1907 3034 1991 3068 am
2021 3019 2246 3067 inclined

1362 3085 1418 3130 to
1440 3083 1625 3130 defend
1640 3082 1817 3131 Aesch.
1843 3084 1980 3131 Pers.
2006 3085 2130 3131 1030
2153 3086 2244 3132 καὶ

1365 3149 1510 3195 πλέον
1533 3147 1563 3204 ἢ
1601 3150 1764 3195 παπαῖ
1791 3150 1879 3205 μὲν
1914 3139 2010 3205 οὑν,
2033 3161 2246 3195 answer-

1362 3211 1452 3270 ing
1472 3213 1526 3257 to
1556 3212 1717 3270 (1020)
1744 3210 2091 3271 ὀϊστοδέγμονα.
2127 3211 2247 3258 Por·

1366 3289 1458 3321 son
1481 3274 1508 3321 Ι
1528 3274 1678 3322 think
1700 3273 1795 3321 has
1817 3289 1944 3334 gone
1971 3276 2057 3322 too
2080 3276 2157 3321 far
2190 3274 2248 3322 in

1364 3337 1637 3396 banishing
1655 3337 1788 3385 from
1821 3338 1909 3386 the
1942 3337 2248 3397 Tragedians

1366 3400 1519 3450 ὀϊστός
1564 3400 1715 3461 (Med.
1770 3401 1882 3464 634)
1930 3402 2084 3450 ἀίσσω
2142 3401 2246 3449 and

1366 3467 1516 3527 ᾄσσω,
1580 3464 1756 3514 ἀϊστόω
1798 3465 1901 3513 and
1954 3462 2116 3526 ᾳστόω
2162 3479 2248 3513 are

1365 3528 1760 3591 acknowledgess
1793 3528 1907 3590 why
1949 3531 2042 3577 not
2086 3527 2245 3578 ὀϊστὸς

1368 3592 1470 3640 and
1516 3592 1706 3642 occ-rds?
1780 3591 1887 3639 The
1929 3594 2117 3640 metres
2162 3606 2247 3641 are

1365 3657 1474 3706 also
1495 3670 1635 3705 more
1656 3657 1978 3719 congruens]
2000 3655 2126 3705 This
2146 3658 2248 3718 epi·
