2667 4142
453 249 578 312 116
1072 246 1709 311 DEMOSTHENIS

450 405 538 475 εἷς·
569 409 693 471 τῶν
720 405 1075 492 πρέσβεων,
1109 404 1282 471 εἶπεν
1312 405 1361 470 ὦ
1391 405 1606 488 ἄνδρες·
1632 405 1956 488 Ἀθηναῖοι
1982 405 2178 489 λόγον
2206 405 2328 493 οὐχ

450 509 608 594 ὑπὲρ
651 510 959 590 Θηβαίων
994 508 1142 574 ἀλλ’
1180 509 1335 596 ὑπὲρ
1383 508 1552 594 ὑμῶν
1591 509 1768 593 ἄξιον
1812 511 2112 593 εἰρῆσθαι.
2202 511 2324 595 ἔφη

447 609 569 692 γὰρ
614 610 719 675 τὸν
764 609 1100 674 Φίλιππον
1144 609 1301 694 ὁρῶν
1326 611 1804 699 μεγαλοψύχως
1833 611 1936 675 καὶ
1969 609 2324 697 φιλανθρώ-

449 735 584 779 πως·
633 710 866 798 ἔχοντα
917 708 1072 795 πρὸς
1119 710 1339 781 αὖτοὺς
1378 711 1643 791 ἥδεσθαι
1692 711 1799 776 καὶ
1847 712 2105 798 χαίρειν·
2147 710 2324 777 αὐτοὶ

448 813 564 893 μὲν
593 811 699 877 οὖν
740 812 1054 901 ὑπάρχειν
1091 813 1260 900 αὐτῷ
1293 813 1478 895 φίλοι
1521 813 1628 879 καὶ
1668 813 1829 896 ξένοι
1875 813 1981 878 καὶ
2016 812 2164 878 ἄνευ
2202 816 2324 878 τῶν

450 914 664 1000 δώρων
702 914 953 993 τούτων,
987 915 1071 984 εἰς
1113 913 1178 979 δὲ
1218 915 1300 979 τὰ
1326 918 1438 994 τῆς
1467 916 1715 984 πόλεως·
1743 913 2106 998 πράγματα,
2138 915 2204 979 ἐν
2230 913 2323 980 οἷς

447 1016 525 1097 ἦν
555 1018 712 1091 τότε,
746 1017 860 1097 τὴν
889 1016 1375 1102 φιλανθρωπίαν
1404 1013 1591 1081 αὐτὸν
1619 1014 1833 1099 ἠξίουν
1862 1015 2095 1094 ταύτην
2122 1041 2322 1101 προσ·-

451 1115 640 1182 θέντα
688 1116 864 1200 ἄξιόν
910 1143 970 1181 τι
1014 1116 1120 1180 καὶ
1162 1115 1357 1180 αὐτοῦ
1400 1115 1506 1180 καὶ
1551 1119 1673 1181 τῶν
1716 1114 2025 1195 Θηβαίων
2067 1116 2320 1202 πρᾶξαι,

450 1221 557 1285 καὶ
608 1218 764 1299 ἴλην
813 1244 883 1282 τε
938 1216 1053 1299 τὴν
1107 1216 1302 1282 πόλιν
1354 1216 1512 1281 οὕτω
1563 1219 1671 1282 καὶ
1722 1222 1905 1302 σφεῖς·
1963 1215 2323 1298 ὡμολόγουν

317 1338 419 1391 141
451 1321 753 1407 ὑπάρξειν
787 1319 968 1406 αὐτῷ.
1057 1320 1164 1385 καὶ
1209 1318 1333 1407 γάρ
1379 1347 1477 1384 τοι
1526 1319 1867 1404 σκέψασθε
1910 1319 1978 1383 τί
2016 1323 2146 1388 τοῖς
2189 1321 2318 1397 Θη-
2347 1342 2451 1401 154

448 1423 660 1502 βαίοις
730 1422 981 1504 γέγονεν
1040 1424 1109 1486 ἐκ
1176 1421 1416 1486 τούτων
1479 1421 1586 1486 καὶ
1643 1421 1712 1486 τί
1763 1421 2155 1501 συμβέβηκε,
2215 1419 2321 1485 καὶ

452 1525 773 1593 θεάσασθε
817 1524 916 1591 ἐπ’
961 1523 1149 1607 αὐτῆς
1192 1527 1303 1604 τῆς
1348 1523 1644 1604 ἀληθείας
1685 1523 1908 1604 ἡλίκον
1950 1525 2088 1589 ἐστι
2128 1523 2200 1588 τὸ
2234 1522 2321 1606 μὴ

451 1632 694 1694 πωλεῖν
745 1627 824 1693 τὰ
875 1631 985 1705 τῆς
1035 1627 1302 1694 πόλεως.
1399 1630 1650 1710 πρῶτον
1692 1624 1808 1707 μὲν
1854 1626 2062 1690 τοίνυν
2112 1623 2320 1711 εἰρήνη

303 1739 420 1818 385
451 1729 702 1812 γέγονεν
763 1727 973 1797 αὐτοῖς
1030 1732 1299 1792 πονοῦσι
1348 1727 1456 1791 καὶ
1493 1725 1502 1814 Ι
1542 1725 2159 1811 ταλαιπωρουμένοις·
2203 1724 2320 1806 ἤδη

547 1865 706 1924 ς153.
746 1863 894 1925 λόγον
914 1860 971 1911 ὃν
991 1861 1050 1909 F.
1076 1862 1135 1922 Q.
1204 1862 1255 1910 ὃν
1286 1861 1484 1922 primus
1522 1861 1698 1910 Rmsx.
1741 1861 1943 1908 delevit.
2010 1861 2320 1911 Revocatum

453 1928 651 1977 mavult
683 1928 846 1975 Domi.
881 1927 994 1975 coll.
1026 1925 1206 1974 Aesch.
1237 1926 1296 1973 F.
1320 1925 1379 1974 L.
1410 1930 1435 1986 ἓ
1469 1926 1561 1974 101
1593 1940 1640 1986 p.
1681 1925 1743 1972 41
1782 1925 2016 1975 St.=275
2052 1925 2109 1974 R.
2151 1928 2320 1985 λόγους

453 1993 532 2042 οὕς
556 1995 811 2054 ἀναγκαῖόν
833 1994 938 2040 ἐστι
956 1993 1069 2052 πρὸς
1103 1992 1217 2049 ὑμᾶς
1237 1992 1448 2052 ῥηθῆναι.
1522 1989 1621 2038 Sed
1652 1991 1824 2050 aperte
1857 1989 1959 2037 alia
1980 1991 2058 2037 est
2080 1989 2189 2051 ejus
2221 1990 2321 2038 loci

452 2056 599 2104 ratio,
737 2059 813 2104 καὶ
847 2058 1202 2116 μεγαλοψύχως
1238 2054 1285 2104 S.
1315 2055 1375 2102 Y.
1400 2054 1451 2101 k.
1487 2052 1564 2102 Al.
1600 2053 1699 2101 En.
1736 2053 1914 2102 Tuam.
1955 2053 2111 2100 Dmn.
2142 2053 2312 2104 Voms.

454 2120 511 2171 Si
530 2120 667 2168 inter
688 2123 1045 2182 μεγαλοψύχως
1067 2121 1117 2167 et
1142 2120 1486 2181 φιλανθρώπως
1508 2117 1714 2177 aliquod
1735 2117 2008 2164 discrimen
2034 2117 2316 2176 interesset,

1929 2196 1955 2220 Τ

450 2230 775 2293 praeferrem.
846 2229 959 2279 Vid.
983 2232 1345 2280 noh—Posi
1374 2234 1503 2291 ὅλην,
1531 2250 1586 2280 τε
1610 2230 1661 2280 S.
1679 2230 1739 2278 Y.
1763 2230 1814 2278 k.
1839 2245 1879 2278 e.
1904 2234 1955 2279 δὲ
1976 2231 2033 2278 F.
2068 2232 2219 2292 vulgo
2250 2235 2315 2282 δέ.

580 2298 708 2355 σφᾶς
730 2308 906 2341 omnes
922 2299 1120 2355 praeter
1144 2295 1191 2344 S.
1259 2299 1387 2354 σφᾶς
1406 2309 1503 2343 ree.
1531 2296 1583 2345 S.
1649 2295 1935 2353 Utrumque
1956 2294 2196 2356 probum:
2231 2295 2320 2344 sed

451 2359 655 2420 probior
715 2358 1079 2407 nominativus,
1147 2359 1344 2421 [Cobet.
1391 2360 1509 2407 Var.
1554 2359 1692 2406 Leet.
1738 2373 1788 2419 p.
1836 2360 1926 2408 107
1964 2363 1994 2386 ‘⁴
2011 2359 2056 2406 si
2099 2359 2319 2408 dicerem

452 2426 589 2482 σφεῖς
635 2437 698 2470 ex
736 2422 1039 2470 Graecitatis
1077 2424 1281 2484 ingenio
1315 2438 1426 2472 esse
1468 2422 1833 2484 reponendum,
1892 2423 2115 2470 multum
2159 2422 2315 2480 abest,

450 2487 613 2545 cred0,
637 2489 695 2534 ut
728 2487 823 2534 hoe
862 2488 1126 2547 probarem
1161 2487 1447 2535 omnibu3.'’
1511 2487 1642 2534 Mihi
1679 2486 1884 2547 quidem
1925 2502 2032 2534 non
2068 2487 2315 2547 probavit,

457 2550 708 2612 siquidem
733 2550 1024 2611 Sophocles,
1049 2551 1136 2611 qui
1165 2552 1331 2612 potuit
1364 2551 1579 2599 scribere
1611 2553 1703 2613 ὁρῶ
1739 2553 1790 2599 δὲ
1826 2553 1969 2600 δεινὸν
2006 2555 2145 2613 ἔργον
2180 2554 2315 2614 ἐξειρ-

455 2618 691 2676 γασμένη,
716 2613 898 2662 maluit
921 2617 1012 2677 ὁρῶ
1042 2618 1092 2664 δέ
1111 2617 1161 2675 μ’
1195 2619 1336 2677 ἔργον
1365 2619 1510 2665 δεινὸν
1550 2618 1917 2677 ἐξειργασμένην
1956 2615 2154 2674 (Trach.
2184 2616 2316 2671 706).

450 2679 580 2727 Plat.
625 2677 831 2726 Theaet.
884 2680 978 2728 207
1016 2679 1062 2725 D
1092 2682 1195 2727 εἶτα
1225 2683 1667 2739 ἀμνημονεῖς...κατ’
1708 2682 1859 2742 ἀρχὰς
1892 2681 2103 2727 σαυτόν
2142 2698 2198 2728 τε
2239 2683 2315 2729 καὶ

449 2746 557 2855 ἷοιξ
603 2745 775 2866 ἄ]λλους
809 2744 1012 2803 δρῶντας
1058 2746 1194 2801 αὐτά,
1241 2745 1329 2792 ubi
1374 2744 1544 2793 Cobet.
1585 2745 1736 2801 αὐτός,
1772 2743 1967 2804 opinor,
2016 2744 2196 2804 reponi
2238 2743 2314 2805 ju-

487 2822 512 2854 e
549 2807 607 2853 it.

548 2869 709 2930 5154.
778 2871 960 2921 πόλεως
1004 2871 1055 2920 S.
1095 2871 1146 2919 k.
1193 2886 1232 2919 s.
1279 2870 1362 2920 Al.
1412 2874 1595 2921 πόλεως
1637 2874 1902 2934 πράγματα
1944 2872 2108 2931 vulgO.
2198 2872 2315 2920 Mox

513 3006 671 3068 §153.
739 3010 1090 3069 μεγαλοψύχως
1134 3011 1211 3057 καὶ
1258 3017 1332 3069 φι·
1438 3008 1609 3069 Comp.
1640 3023 1675 3058 1.
1711 3007 1918 3056 Rhetor.
1944 3009 1991 3066 9,
2017 3009 2074 3055 11
2105 3012 2314 3071 μεγαλο-

448 3071 755 3134 λανθρώπως]
829 3075 859 3097 “
874 3071 1017 3119 With
1070 3076 1335 3120 courteous
1438 3076 1590 3135 ψυχὶα
1613 3075 1677 3132 δέ,
1701 3075 1846 3135 ἀρετὴ
1859 3076 2082 3134 μεγάλων
2096 3076 2317 3133 ποιητικὴ

448 3134 833 3185 munificence.”
899 3136 1074 3197 Comp.
1126 3140 1333 3197 μεγαλο-
1438 3140 1842 3198 εὐεργετημάτων·
1921 3140 2216 3200 μικροψυχία
2267 3140 2317 3185 δὲ

452 3203 710 3264 ψυχότερος
760 3214 811 3260 p.
865 3199 962 3246 414
1005 3204 1028 3259 ξ
1073 3200 1181 3259 260,
1232 3200 1334 3248 and
1435 3204 1716 3249 τούναντίον.
1913 3203 2045 3248 αὐτοὶ
2097 3205 2185 3258 μὲν
2240 3198 2320 3251 οὖν

447 3267 764 3326 μικροψυχίαν
833 3264 908 3322 (in
961 3264 1049 3311 the
1103 3264 1333 3325 opposite
1438 3267 1665 3325 ὑπάρχειν
1717 3284 1756 3313 κ.
1767 3265 1889 3325 τ.λ.]
1950 3270 1981 3293 “
1998 3263 2140 3326 They
2192 3280 2318 3313 were

449 3342 593 3377 sense
627 3331 678 3375 of
715 3329 1013 3385 sordidness,
1044 3331 1328 3389 stinyiness)
1437 3329 1522 3388 (he
1568 3328 1696 3390 said)
1743 3328 1946 3389 already
1998 3327 2081 3376 his
2127 3328 2319 3377 friends

446 3406 499 3454 p.
524 3392 786 3452 4015213.
821 3391 872 3438 It
895 3391 939 3437 is
957 3391 1328 3439 acharaeteris-
1436 3391 1561 3440 &e.’'
1595 3391 1813 3440 Observe
1830 3393 1919 3440 the
1936 3393 2137 3441 natural
2154 3396 2319 3442 trans-

445 3456 518 3506 tic
562 3455 615 3503 of
668 3456 758 3503 the
805 3457 1144 3518 μεγαλόψυχος
1198 3457 1330 3517 [who
1430 3455 1561 3504 ition
1616 3457 1748 3504 from
1793 3458 1995 3519 himself
2028 3459 2083 3503 to
2128 3459 2328 3520 himself

445 3534 701 3584 possesses
755 3522 811 3567 τὸ
855 3522 902 3566 έν
955 3522 1133 3582 ἑκάστῃ
1188 3522 1334 3581 ἀρετῇ
1433 3523 1536 3568 and
1558 3523 1846 3581 colleayues.
1916 3521 1980 3568 In
2013 3520 2104 3569 the
2132 3523 2320 3570 directa

446 3587 590 3646 μέγα,
647 3583 750 3631 and
797 3585 983 3629 cannot
1038 3585 1168 3631 exist
1225 3588 1332 3632 ἄνευ
1434 3587 1594 3633 oratio
1627 3584 1813 3632 Philon
1845 3585 2010 3632 would
2046 3584 2175 3632 have
2210 3585 2322 3634 said

449 3648 819 3708 καλοκαγαθίας]
852 3649 904 3693 to
925 3647 988 3694 be
1011 3649 1200 3696 liberal.
1267 3649 1332 3696 A·
1434 3654 1447 3677 ⁴
1468 3653 1571 3696 we)
1641 3648 1707 3697 So
1729 3650 1837 3697 also
1861 3652 1997 3707 σφεῖς
2017 3649 2188 3697 below.

447 3713 559 3763 rist.
578 3726 650 3760 lv.
668 3710 775 3760 Nic.
795 3710 965 3760 Ethic.
989 3713 1131 3772 8=3,
1154 3713 1231 3773 24,
1251 3713 1332 3761 25.
1493 3715 1603 3763 385.
1628 3714 1779 3776 5154.
1845 3716 2320 3777 ταλαιπωρουμένοις]

1547 3976 1566 4007 ἱ
