2667 4142
796 234 915 299 DE
973 232 1255 299 FALSA
1310 234 1838 299 LEGATIONE.
2135 236 2256 300 161

386 389 635 475 ἁψομαι
679 389 1011 459 παθούσας
1057 389 1232 454 οὐδὲν
1277 389 1531 472 ἀνάξιον
1574 389 1703 455 οὔθ’
1742 389 1917 474 ἡμῶν
1958 388 2100 456 οὔτε
2149 394 2260 456 τοῦ

232 508 359 564 216
385 491 644 578 πατρός.
734 491 814 561 ὥς
866 491 918 556 δ’
967 490 1238 557 α’κοῦσαι
1289 491 1432 563 τοὺς
1482 493 1802 579 παρόντας
1852 493 1918 556 ἐν
1963 494 2053 581 τῷ
2101 517 2262 572 συμν

234 1017 358 1074 217
389 997 782 1080 ἐξετάσωμεν
812 997 887 1077 δὴ
918 1002 1073 1082 πρὸς
1101 997 1174 1062 τὸ
1211 1000 1319 1062 τοῦ
1360 999 1648 1082 Σατύρου
1683 1001 1867 1062 τοῦτο
1902 1002 2263 1078 συμπόσιον
2291 1004 2399 1076 196

385 593 612 678 ποσίῳ,
644 597 947 659 τοσοῦτον
976 596 1199 677 κρότον
1228 595 1334 660 καὶ
1365 593 1639 677 θόρυβον
1666 594 1774 658 καὶ
1804 593 2060 660 ἔπαινον
2087 595 2265 678 παρὰ

385 695 644 760 πάντων
686 694 998 777 τγένεσθαι,
1041 694 1205 760 ὥστε
1251 696 1358 759 τὸν
1404 695 1742 759 Φίλιππον
1779 695 2005 759 παθεῖν
2049 721 2115 760 τι
2155 697 2261 761 καὶ

386 794 619 861 δοῦναι.
692 794 896 861 καίτοι
926 801 1050 861 τῶν
1078 796 1582 878 ἀποκτεινάντων
1610 794 1686 875 ἦν
1713 796 1821 861 τὸν
1842 794 2263 882 Ἀλέξανδρον

387 894 494 961 τὸν.
543 896 819 983 ἀδελφὸν
867 896 975 962 τὸν
1033 896 1373 962 Φιλίππου
1432 894 1608 965 οὗτος
1660 896 1693 959 ὁ
1745 895 2259 982 Ἀπολλοφάνης.

387 1098 599 1180 ἕτερον
636 1099 1017 1181 συμπόσιον,
1048 1097 1122 1162 τὸ
1158 1098 1395 1164 τούτων
1430 1098 1496 1164 ἐν
1528 1098 1892 1186 Μακεδονίᾳ
1915 1099 2258 1180 «γενόμενον,

386 1201 495 1266 καὶ
554 1201 876 1267 θεάσασθε
938 1200 997 1266 εἰ
1062 1201 1519 1285 παραπλήσιον
1589 1199 1791 1286 τούτῳ
1856 1201 1963 1264 καὶ
2035 1200 2260 1282 ὅμοιον.

387 1298 722 1383 κληθέντες
768 1306 895 1389 «γὰρ
923 1303 1117 1368 ὀὗτοι
1167 1303 1324 1388 πρὸς
1376 1300 1747 1388 Ξενόφρονα
1804 1301 1911 1367 τὸν
1966 1301 2098 1368 υἱὸν
2153 1302 2266 1370 τὸν

390 1402 705 1484 Φαιδίμου
761 1408 872 1470 τοῦ
929 1408 1055 1469 τῶν
1112 1403 1454 1490 τριάκοντα
1521 1402 1785 1490 ᾤχοντο·
1861 1402 1981 1483 ἐνγώ
2040 1402 2091 1467 δ’
2152 1403 2263 1467 οὐκ

392 1506 750 1592 ἐπορεύθην.
843 1507 1057 1589 ἐπειδὴ
1097 1507 1166 1573 δὲ
1205 1506 1360 1587 ἧκον
1389 1507 1474 1578 εἰς
1504 1505 1576 1572 τὸ
1604 1506 1823 1583 πίνειν,
1854 1507 2094 1589 εἰσάγει
2122 1506 2264 1570 τινὰ

484 1698 511 1756 §
535 1695 647 1744 216.
713 1697 908 1744 ἔπαινον
945 1698 1022 1745 καὶ
1057 1697 1254 1758 θόρυβον
1283 1695 1343 1743 F.
1369 1695 1428 1755 Q.
1461 1695 1519 1744 O.
1547 1697 1588 1744 t.
1618 1710 1668 1745 u.
1695 1711 1748 1745 v.
1814 1696 2109 1757 “vulgatus
2142 1697 2263 1745 ordo

391 1761 646 1819 praestata
675 1774 798 1807 nam
821 1761 979 1821 κρότος
1001 1761 1051 1807 et
1076 1762 1267 1822 θόρυβος
1291 1761 1349 1807 ut
1373 1760 1545 1808 affinia
1566 1760 1749 1808 melius
1770 1759 2067 1821 junguntur.
2132 1763 2261 1824 θόρυ-

389 1827 477 1886 βον
498 1826 574 1872 καὶ
605 1826 768 1883 κρότον
793 1827 1020 1881 τοιοῦτον,
1051 1825 1109 1873 ὡς
1137 1828 1192 1872 ἂν
1221 1827 1517 1874 ἐπαινοῦντές
1548 1843 1601 1873 τε
1635 1827 1712 1873 καὶ
1746 1828 2068 1884 συνησθέντες,
2106 1828 2261 1884 ἐποιή-

391 1905 514 1998 {⁶⁷}
547 1901 599 1948 p.
641 1887 753 1946 519,
794 1886 905 1937 10.”
973 1887 1194 1938 Sonans.
1262 1889 1344 1936 τὸν
1391 1888 1528 1952 (ante
1563 1888 1889 1953 Ἀλέξανδρον)
1938 1888 2168 1937 additum
2203 1904 2264 1938 ex

489 2015 652 2073 5217.
719 2016 1002 2074 ἐξετάσομεν
1037 2029 1076 2063 r.
1115 2014 1196 2063 A¹.
1329 2017 1487 2078 ἕτερον
1518 2017 1780 2075 συμπόσιον
1816 2017 1873 2063 in
1910 2030 2070 2076 marg.
2108 2031 2153 2064 a.
2191 2032 2262 2065 m.

392 2079 605 2138 antiqua
629 2078 681 2126 S.
705 2093 806 2126 om.
829 2079 928 2126 En.
954 2078 1134 2127 Tumc.
1158 2079 1329 2128 Vonn.
1353 2080 1517 2128 Bm.
1542 2083 1607 2129 st.
1673 2082 1730 2129 τὸ
1764 2082 1901 2141 (ante
1930 2084 2124 2143 τούτων)
2150 2095 2259 2156 pm.

2126 2159 2164 2184 ΕΙ,

394 2191 446 2241 S.
467 2191 530 2239 Y.
554 2191 601 2240 k.
625 2206 666 2238 r.
701 2205 741 2240 s.
770 2191 850 2241 Al.
886 2191 963 2240 A2.
1002 2192 1097 2241 En.
1138 2192 1319 2240 Tuam.
1354 2193 1775 2241 &roam—Post
1812 2195 2063 2255 θεάσασθε,
2109 2197 2167 2245 ὡς
2208 2195 2257 2244 S.

394 2259 435 2305 εἰ
472 2270 504 2303 a
535 2270 603 2305 m.
650 2269 747 2303 seo.
830 2258 888 2306 ὡς
930 2256 1028 2303 En.
1065 2256 1241 2305 Tumc.
1291 2257 1459 2308 Vonm,
1502 2258 1671 2312 Bnmz.
1717 2260 1999 2307 st.——rofi
2041 2261 2265 2317 φαιδίμου

393 2320 452 2380 Q.
493 2319 550 2368 O.
589 2321 627 2367 t.
663 2334 712 2368 u.
754 2320 880 2369 Pon.
917 2334 987 2368 VI.
1023 2322 1069 2369 8.
1135 2323 1359 2382 Φαιδρίαν
1395 2322 1530 2369 inter
1573 2324 1679 2370 τούς
1722 2324 1971 2383 τριάκοντα
2014 2327 2264 2370 memorat

392 2383 625 2444 Xenoph.
658 2383 856 2434 Hellen.
894 2398 953 2431 11.
982 2386 1025 2433 3.
1057 2385 1104 2432 2.
1171 2388 1434 2447 ἐλευθέριον
1468 2387 1525 2444 (s.
1568 2388 1850 2446 ἐλευθερίαν)
1889 2386 2100 2436 Scmr.
2141 2399 2261 2446 quo-

390 2447 533 2495 niam
570 2447 725 2495 fuerit
761 2447 1089 2509 mancipium.
1175 2448 1274 2498 Sed
1308 2449 1587 2496 Aeschines
1616 2449 1798 2498 diserte
1833 2452 1980 2498 vocat
2014 2452 2264 2514 ἐλευθέραν

391 2606 495 2656 Col.
527 2606 603 2666 11,
633 2607 711 2664 18,
741 2606 921 2666 Eurip.
946 2605 1152 2667 Hippol.
1183 2606 1278 2654 628

392 2673 613 2732 προσθεὶς
653 2671 752 2733 γοίρ
789 2673 815 2719 ὁ
851 2675 1046 2732 σπείρας
1079 2688 1133 2717 τε
1169 2669 1277 2718 κάκ-

391 2739 569 2796 θρέψας
591 2738 750 2795 πατὴρ
776 2733 785 2798 Ι
816 2735 988 2796 φερνάς
1010 2734 1273 2794 ἀπῴκισ’...

454 2800 483 2857 ἐ
505 2799 614 2849 216.
663 2800 723 2848 ὡς
744 2801 783 2846 δ’
809 2797 1090 2858 ἀκοῦσαι...]
1118 2799 1280 2846 “Now

389 2862 539 2911 when
571 2863 647 2925 (as
676 2862 765 2910 the
798 2864 940 2923 story
970 2865 1102 2910 went
1132 2876 1200 2909 on
1225 2864 1280 2908 to

389 2927 497 2989 say)
522 2926 669 2974 those
701 2928 906 2987 present
935 2925 1038 2973 had
1069 2924 1279 2975 heard.’'

391 2988 500 3039 The
513 2991 765 3052 infinitiva
779 2990 1025 3049 governed
1038 2990 1090 3036 os
1109 2992 1274 3048 φασίν.

393 3054 486 3104 See
508 3058 536 3114 ξ
557 3055 668 3111 349,
694 3052 919 3113 Thucyd.
945 3067 1002 3102 11.
1034 3054 1124 3100 102
1154 3053 1278 3100 with

391 3118 637 3167 Goeller's
696 3120 833 3165 note.
979 3120 1147 3165 παθεῖν
1210 3118 1277 3178 τι]

393 3182 559 3231 “Was
583 3181 857 3230 somewhat
889 3181 1085 3238 moved‚
1110 3181 1276 3228 affeet-

389 3245 502 3296 θᾶ.”
576 3246 802 3295 Unum:
851 3244 939 3294 ‘rtis
987 3244 1278 3306 ἀνθρωπίνας

391 3313 570 3369 ἠλέησε
590 3313 753 3372 τύχας,
782 3312 860 3359 καὶ
893 3312 1102 3359 πέπονθέ
1129 3327 1175 3356 τι
1199 3309 1275 3357 ἀν-

391 3377 630 3436 θρώπινον.
691 3373 886 3422 Dobree
909 3373 1033 3421 cites
1056 3373 1187 3421 Plut.
1217 3373 1275 3420 Τ.

389 3451 448 3488 11.
496 3452 549 3499 p.
595 3440 688 3488 737
724 3438 782 3487 A.
876 3437 1144 3485 Markland
1192 3437 1277 3500 (on

389 3502 512 3552 Eur.
544 3501 718 3563 Suppl.
739 3503 834 3549 288
859 3501 980 3560 κάμὲ
999 3502 1096 3564 ’γάρ
1113 3503 1279 3559 διῆλθέ

390 3567 457 3626 τι)
499 3569 679 3628 quotes
710 3566 836 3615 Xen.
879 3567 1082 3615 Conviv.
1125 3567 1152 3611 1
1187 3570 1212 3625 g
1246 3566 1276 3614 9

391 3632 556 3680 ἔπειτα
591 3631 686 3679 τῶν
720 3631 930 3692 ὁρώντων
972 3632 1117 3678 οὐδεὶς
1153 3631 1281 3678 ὅστις

392 3693 474 3745 οὐκ
494 3696 687 3756 ἔπασχέ
707 3713 755 3743 τι
775 3697 863 3755 τὴν
889 3696 1048 3758 ψυχὴν
1071 3693 1148 3743 ὑπ’
1164 3696 1280 3743 ἐκεί-

560 3808 611 3857 S.
657 3806 824 3856 DEM.

1380 2625 1472 2656 νου.
1545 2604 1725 2654 Maoho
1759 2620 1836 2667 ap.
1875 2604 2121 2655 Athenae.
2150 2618 2261 2655 v111.

1379 2672 1474 2719 346
1498 2670 1541 2717 A
1564 2672 1971 2733 προσπεπονθέναι
1989 2689 2036 2718 τι
2054 2673 2126 2719 δεῖ
2148 2669 2155 2728 Ι
2186 2671 2266 2719 τὸν

1378 2738 1447 2794 μὴ
1467 2734 1529 2783 τοὶ
1556 2738 1882 2796 παρατεθέντα
1902 2738 2263 2794 λυμανούμενον.

1377 2798 1490 2846 Add
1510 2799 1663 2848 Arist.
1701 2798 1850 2848 Rhet.
1892 2813 1972 2847 111.
2004 2800 2049 2857 7,
2078 2802 2107 2850 7
2142 2798 2264 2848 πάσ·

1379 2880 1520 2923 χουσι
1550 2865 1601 2911 δέ
1636 2881 1682 2911 τι
1714 2866 1757 2911 οἱ
1790 2861 2034 2925 ἀκροαταί·
2069 2862 2171 2910 and
2201 2863 2263 2911 <le

1381 2926 1559 2976 Ceron.
1598 2941 1649 2986 p.
1682 2928 1775 2974 322
1809 2931 1834 2986 g
1866 2927 1958 2975 291
1996 2927 2086 2975 οὐδ’
2111 2929 2264 2976 ἔπαθε

1377 2993 1586 3039 τοιοῦτον
1609 2993 1738 3039 οὐδὲν
1757 2993 1820 3050 τῇ
1844 2990 1994 3051 ψυχῇ.

1442 3059 1467 3114 ξ
1492 3056 1602 3105 217.
1671 3054 1797 3102 This
1830 3057 1965 3115 story
1987 3052 2263 3103 Aeschines

1379 3117 1700 3178 indignantly
1721 3117 1893 3166 denies
1916 3120 1969 3165 at
1985 3117 2073 3165 the
2096 3121 2264 3166 outset

1380 3182 1432 3229 of
1453 3182 1536 3229 his
1568 3183 1724 3242 reply,
1749 3181 1851 3229 and
1873 3183 2080 3242 appeals
2103 3184 2157 3229 to
2179 3181 2263 3229 his

1380 3245 1623 3293 audienoe
1637 3245 1862 3292 whether
1876 3245 1964 3292 the
1973 3245 2131 3293 whole
2149 3251 2265 3306 past

1380 3324 1555 3357 course
1586 3312 1638 3356 of
1674 3309 1757 3356 his
1790 3309 1879 3356 life
1912 3308 1998 3355 did
2031 3313 2120 3357 not
2154 3310 2266 3368 give

1379 3373 1467 3420 the
1489 3373 1556 3421 lie
1579 3376 1631 3420 to
1652 3372 1735 3420 his
1768 3373 1938 3420 rival's
1968 3375 2260 3424 statement.

1380 3438 1461 3485 He
1497 3437 1655 3485 refers
1695 3439 1749 3484 to
1789 3436 1831 3484 it
1865 3436 1971 3484 also
2003 3451 2054 3498 p.
2089 3438 2168 3498 48,
2203 3439 2266 3488 49

1382 3501 1453 3550 St.
1471 3502 1634 3560 =3l9,
1664 3502 1757 3549 320
1779 3501 1840 3549 R.
1875 3500 1978 3548 and
2008 3515 2123 3562 says
2154 3501 2268 3550 that

1378 3564 1749 3613 Demosthenes
1778 3564 1883 3612 had
1910 3566 2190 3626 attempted
2213 3568 2268 3613 to

1380 3628 1520 3676 bribe
1542 3628 1909 3689 Aristophanes
1932 3630 1985 3677 of
2013 3628 2267 3691 Olynthus

1378 3694 1431 3742 to
1455 3707 1611 3742 swear
1631 3695 1685 3741 to
1717 3692 1805 3742 the
1837 3695 2130 3752 statement,
2156 3692 2268 3740 who

2017 3794 2093 3852 11
