2667 4142
724 197 845 261 DE
903 194 1185 259 FALSA
1239 193 1765 260 LEGATIONE.
2067 196 2191 261 193

316 351 550 435 ἄριστα
581 348 614 413 ὁ
642 348 832 420 τιθεὶς
862 348 968 414 τὸν
998 347 1185 431 νόμον
1215 346 1336 414 εἶδε
1364 345 1439 413 τὸ
1466 346 1747 432 κρύβδην
1776 345 2191 433 ψηφίζεσθαι,

189 458 290 514 266
316 453 412 521 ’ὅτι
439 453 676 519 τούτων
708 454 824 535 μὲν
860 452 1056 522 οὐδεὶς
1083 453 1322 518 εἴσεται
1356 452 1464 518 τὸν
1502 452 1702 537 ἑαυτῷ
1738 448 2194 536 κεχαρισμένον

318 552 503 635 ὑμῶν,
536 552 598 618 οἱ
626 555 753 620 θεοὶ
782 554 850 619 δὲ
890 555 1168 620 εἴσονται
1209 552 1317 618 καὶ
1358 552 1430 621 τὸ
1458 550 1776 633 δαιμόνιον
1814 550 1825 640 Ι
1862 550 1969 618 τὸν
1995 550 2084 633 μὴ
2115 550 2194 615 τὰ
2217 539 2346 620 416

317 654 528 722 δίκαια
554 656 1030 744 ψηφισάμενον.
1100 655 1249 739 παρ’
1282 654 1367 721 ὦν
1402 654 1688 740 κρεῖττόν
1726 656 1903 719 ἐστιν
1942 653 2193 741 ἑκάστῳ
2223 679 2336 733 240

318 761 428 831 τὰς
470 758 716 842 α’κγαθοὶς
760 757 1024 827 ἐλπίδας
1067 761 1196 827 τοῖς
1239 757 1432 822 παισὶ
1468 756 1577 821 καὶ
1616 757 1817 842 ἑαυτῷ
1855 753 1939 820 τὰ
1984 754 2197 821 δίκαια

318 860 547 942 γνόντα
596 861 704 925 καὶ
761 860 844 925 τὰ
901 863 1310 944 προσήκοντα
1368 856 1936 941 περιποιήσασθαι,
1980 856 2019 937 ἢ
2083 856 2200 938 τὴν

320 961 530 1047 ἀφανῆ
585 963 694 1028 καὶ
751 962 988 1040 ἄδηλον
1042 960 1233 1051 χάριν
1305 958 1549 1030 τούτοις
1621 957 2031 1036 καταθέσθαι,
2091 958 2198 1021 καὶ

321 1061 569 1151 ἀφεῖναι
626 1068 849 1130 τοῦτον
905 1061 970 1132 ὃς
1021 1062 1203 1133 αὐτὸς
1263 1062 1486 1128 ἑαυτοῦ
1543 1059 2193 1146 καταμεμαρτύρηκεν.

196 1175 296 1247 267
320 1166 459 1229 τίνα
506 1164 647 1250 «γάρ,
699 1162 1000 1251 Αἰσχίνη,
1047 1162 1339 1249 μάρτυρα
1373 1163 1561 1244 μείζω
1610 1161 2050 1249 παράσχωμαι
2087 1165 2198 1229 τοῦ

320 1266 539 1331 πολλὰ
582 1265 689 1331 καὶ
733 1264 903 1329 δεινὰ
942 1266 1477 1350 πεπρεσβεῦσθαί
1516 1291 1622 1329 σοι
1659 1263 1697 1345 ἢ
1739 1264 1817 1329 σὲ
1851 1263 2015 1329 κατὰ
2046 1290 2198 1329 σαυ-

322 1369 466 1445 τοῦς
522 1362 586 1435 ὃς
635 1366 760 1452 «γὰρ
807 1364 1010 1452 ᾠήθης
1059 1369 1292 1454 χρῆναι
1336 1365 1447 1431 τὸν
1497 1366 1764 1450 φανερόν
1814 1392 1879 1430 τι
1929 1367 2197 1445 ποιῆσαι

322 1468 722 1549 βουληθέντα
764 1471 888 1535 τῶν
931 1469 1037 1532 σοὶ
1081 1467 1658 1555 πεπρεσβευμένων
1700 1469 2048 1553 τηλικαύτῃ
2092 1471 2201 1534 καὶ

324 1572 579 1658 τοιαύτῃ
623 1578 926 1663 συμφορᾷ
967 1574 1363 1657 περιβαλεῖν,
1399 1571 1592 1653 δῆλον
1632 1569 1732 1638 ὅτι
1775 1571 1973 1639 δεινὸν
2015 1573 2095 1638 ἄν
2138 1600 2202 1638 τι

324 1675 550 1743 παθεῖν
594 1680 830 1741 σαυτὸν
879 1675 1152 1757 ἤλπιζες,
1206 1673 1262 1739 εἰ
1304 1672 1588 1740 πύθοινθ’
1631 1672 1801 1740 οὗτοι
1839 1674 1921 1740 τὰ
1953 1700 2200 1761 πεπρα-

324 1777 521 1859 Ὑμὲνα
552 1802 671 1845 σοι.
1223 1798 1227 1803 ·
1962 1784 1974 1799 “

203 1971 303 2026 268
410 1963 611 2025 Τοῦτο
654 1958 877 2038 τοίνυν,
923 1959 1121 2042 ἄνπερ
1168 1960 1334 2042 ὑμεῖς
1380 1958 1446 2027 εὖ
1489 1965 1775 2048 φρονῆτε,
1827 1959 1967 2026 καθ’
2012 1959 2203 2027 αὑτοῦ
2232 1990 2338 2044 241

329 2061 735 2144 συμβήσεται
780 2063 980 2147 τούτῳ
1026 2062 1417 2150 πεπρᾶχθαι,
1464 2062 1537 2127 ού
1585 2063 1775 2144 μόνον
1823 2064 1988 2128 κατὰ
2031 2061 2201 2129 τοῦθ’

327 2163 422 2229 ὅτι
479 2164 877 2248 παμμέγεθες
936 2166 1194 2248 σημεῖόν
1251 2169 1392 2231 ἐστι
1440 2168 1565 2231 τῶν
1609 2166 2201 2252 πεπρεσβευμένων,

419 2346 577 2408 §267-
655 2346 763 2397 “F.
825 2348 935 2396 τίνα
986 2348 1084 2409 ’γὰρ
1127 2347 1186 2396 ἂν
1193 2387 1307 2399 ......
1313 2350 1520 2409 propter
1554 2350 1881 2409 παράσχωμαι
1896 2347 1925 2369 ”
1995 2346 2198 2397 MARKL.

325 2424 424 2471 quo
477 2410 615 2459 nihil
670 2411 1010 2474 σολοικότερον.
1182 2415 1277 2460 τῶν
1310 2415 1404 2461 σοὶ
1437 2416 1861 2474 πεπρεσβευμένων
1899 2412 2050 2473 (vulg.
2102 2412 2199 2474 σοι)

323 2474 435 2536 juro
470 2475 704 2536 reposuit
734 2475 900 2525 ΒΗΚ.
957 2478 1054 2537 [σοι
1086 2478 1147 2525 st.
1184 2477 1319 2536 quod
1349 2476 1542 2539 miror].
1617 2477 1701 2524 Ita
1735 2476 1853 2528 infr.
1906 2478 1999 2525 333
2044 2475 2192 2527 edidi.

328 2539 409 2588 sio
445 2541 472 2599 ἕ
511 2540 608 2590 269
639 2540 734 2587 τῶν
771 2542 873 2598 ἐμοὶ
905 2544 1342 2602 πεπρεσβευμένων·
1377 2541 1466 2589 ubi
1521 2540 1567 2589 si
1613 2555 1896 2602 pronomen
1931 2547 2047 2602 post
2084 2555 2198 2601 par-

325 2602 561 2664 ticipium
612 2602 867 2652 insertum
921 2607 1054 2651 osset
1095 2623 1174 2663 μοι
1213 2604 1499 2665 scripsisset
1531 2606 1731 2654 Orator.
1798 2606 1940 2654 Haeo
1984 2605 2198 2653 fortasse

325 2666 517 2716 leviora
539 2669 678 2726 aunt,
700 2682 866 2729 neque
886 2670 1063 2716 tamen
1083 2668 1400 2730 nogligonda.
1409 2673 1846 2733 -περιβάλλειν
1875 2670 1923 2719 k.
1954 2684 1993 2720 r.
2024 2683 2065 2719 ει.
2093 2667 2175 2717 Al.

421 2735 449 2793 ς
470 2733 582 2781 268.
648 2734 844 2791 σημεῖον
867 2746 968 2781 om.
995 2744 1070 2792 pr.
1102 2732 1172 2789 S„
1196 2734 1313 2793 post
1334 2735 1442 2782 ἐστι
1461 2733 1609 2794 ponit
1629 2735 1685 2784 Y.
1824 2735 1999 2783 ἐκείνου
2013 2733 2202 2782 frustra

327 2794 504 2847 Bmsx.
578 2795 679 2847 Sed
701 2795 839 2858 quod
869 2795 941 2844 ait
972 2796 1311 2846 Semi-,maus
1352 2799 1388 2824 ‘⁴
1407 2799 1581 2847 ἐκείνου
1615 2798 1660 2847 si
1691 2813 1871 2849 verum
1908 2801 2056 2858 esset,
2096 2812 2202 2846 non

327 2959 402 3005 λοὶ
439 2955 899 3020 παρασκευάζουσιν,
928 2957 1053 3006 ὅπως
1077 2959 1122 3004 οἱ
1153 2958 1217 3005 δι·
1316 2956 1448 3005 dono
1490 2956 1559 3018 by
1587 2972 1689 3019 you
1726 2971 1782 3005 as
1819 2957 2201 3007 ambassador:”

330 3023 506 3069 κοσταὶ
562 3021 631 3081 μὴ
683 3021 1050 3083 κοινολογῶνται
1104 3022 1218 3084 πρὸς
1316 3021 1420 3069 and
1452 3026 1476 3082 g
1507 3023 1601 3071 268
1635 3025 1732 3070 τῶν
1766 3026 2201 3084 πεπρεσβεύμενων.

329 3084 587 3145 ἀλλήλους.
1318 3086 1497 3147 Comp.
1534 3089 1656 3134 note
1694 3100 1762 3133 on
1804 3090 1830 3146 5
1870 3086 1982 3136 263.
2051 3086 2202 3135 Some

390 3153 418 3211 ς
451 3150 563 3199 266.
628 3148 908 3197 Aeschines
954 3163 1117 3198 seems
1161 3151 1217 3198 to
1314 3148 1449 3198 have
1500 3150 1631 3198 boen
1683 3150 1955 3211 perplexed
2007 3152 2062 3198 at
2113 3150 2204 3199 the

327 3212 454 3262 have
462 3212 566 3261 had
575 3212 681 3261 this
692 3212 1060 3274 passagoinhis
1073 3214 1225 3273 view-,⁴
1316 3215 1613 3275 expression
1675 3217 1838 3263 πολλὰ
1905 3217 2202 3276 πρεσβεύειν·

329 3278 390 3326 do
410 3278 524 3327 Gor.
547 3280 574 3337 ὅ
594 3279 689 3325 233
710 3292 762 3339 p.
788 3278 850 3328 87
876 3278 1115 3327 St.=626
1135 3279 1194 3327 R.
1315 3281 1408 3327 not
1451 3277 1719 3339 observing
1755 3278 1868 3326 that
1919 3282 2082 3327 πολλὰ
2129 3283 2203 3328 καὶ

390 3342 503 3392 416.
525 3345 552 3402 5
572 3342 684 3392 267.
732 3344 818 3390 τοῦ
839 3345 1005 3391 πολλὰ
1011 3379 1126 3391 ......
1133 3360 1215 3390 πε·
1317 3345 1444 3392 δεινὰ
1474 3343 1634 3390 forms
1658 3344 1842 3403 always
1875 3356 1972 3391 ono
2006 3343 2203 3401 notion‚

327 3408 652 3469 πρεσβεῦσθαί
678 3407 775 3467 σοι]
841 3411 875 3434 “
893 3405 1028 3454 That
1060 3421 1217 3468 many
1317 3406 1421 3454 and
1472 3405 1588 3455 that
1644 3409 1770 3455 δεινὰ
1823 3412 2105 3470 πρεσβεύειν
2156 3409 2204 3457 is

327 3470 586 3519 shamoful
671 3469 826 3519 deeds
889 3468 1022 3518 have
1084 3470 1214 3518 been
1314 3471 1491 3532 nearly
1526 3469 1615 3519 the
1650 3485 1791 3520 same
1829 3485 1886 3519 as
1924 3490 2200 3536 παραπρεσ·

327 3533 557 3596 wrought
595 3532 663 3596 by
705 3549 809 3596 you
844 3533 904 3582 in
945 3548 1074 3596 yom·
1111 3548 1214 3583 em·
1313 3537 1484 3595 βεύειν.
1554 3535 1620 3583 In
1652 3535 1742 3583 the
1764 3536 2022 3596 following
2043 3537 2205 3587 words

326 3598 527 3662 bassy.'’
594 3597 663 3648 So
700 3597 861 3647 below
894 3600 990 3647 τῶν
1022 3601 1095 3647 σοὶ
1131 3617 1216 3647 πε·
1315 3599 1537 3649 allusion
1558 3598 1605 3647 is
1626 3599 1776 3648 mado
1797 3602 1852 3647 to
1878 3599 2197 3652 Timarchus,

328 3665 714 3728 πρεσβευμένων·
744 3667 780 3691 “
797 3662 935 3713 what
957 3669 1054 3714 has
1086 3662 1215 3712 been
1381 3666 1408 3725 ἕ
1449 3664 1560 3715 268.
1630 3667 1676 3714 οἳ
1738 3662 1843 3713 κατ’
1920 3663 2065 3714 αὑτοῦ
2127 3667 2207 3714 νῦν

495 3777 546 3828 S.
590 3776 759 3828 DEM.
1955 3767 2035 3827 13
