2667 4142
2375 12 2614 123 Ἰ

444 194 572 258 230
1064 182 1709 257 DEMOSTHENIS

444 374 597 430 ρεια,
638 352 863 414 τοῦτον
908 346 1080 429 ὑμεῖς
1123 346 1441 424 λαβόντες
1479 345 1778 432 ἀφήσετε,
1818 344 1927 412 τὸν
1965 344 2090 411 τιῑν
2123 347 2329 414 τοιού-

444 475 587 522 των,
633 448 742 513 τὸν
781 447 918 514 οὐδὲ
963 448 1101 513 καθ’
1139 448 1207 513 ἓν
1241 448 1564 535 χρήσιμον
1602 451 1680 533 τῇ
1713 446 1919 525 πόλει,
1962 446 2076 513 οὐκ
2118 448 2326 524 αὐτόν,

308 566 416 621 282
445 550 516 616 οὐ
555 550 824 636 πατέρα,
858 549 971 616 οὐκ
1006 550 1212 616 ἄλλον
1250 549 1469 617 οὐδένα
1506 554 1632 617 τῶν
1669 548 1938 628 τούτους
1988 555 2166 619 ποῖος
2201 550 2328 636 *γὰρ
2354 571 2432 628 3²
2441 571 2477 628 3

293 671 417 734 432
448 650 655 728 ἵππος,
695 651 853 716 ποία
891 649 1163 737 τριήρης,
1212 653 1370 717 ποιά
1418 651 1427 733 Ι
1476 650 1798 737 στρατεία,
1846 650 1941 720 τίς
1980 650 2184 736 χορός,
2231 654 2331 721 τίς

442 751 825 838 λειτουργία,
869 754 962 822 τίς
998 752 1285 840 εἰσφορά,
1316 753 1412 821 τίς
1452 752 1675 826 εὔνοια,
1716 756 1897 820 ποῖος
1933 751 2225 828 κίνδυνος,
2262 752 2335 818 τί

443 855 682 921 τούτων
739 853 1041 921 ἁπάντων
1091 856 1159 920 ἐν
1215 855 1411 921 παντὶ
1460 859 1552 941 τῷ
1606 853 1820 942 χρόνῳ
1875 855 2094 937 νγέογονε
2148 855 2332 938 παρὰ

440 960 679 1026 τούτων
707 963 786 1045 τῇ
815 959 1038 1039 πόλει;
1099 959 1306 1024 καίτοι
1336 956 1454 1024 κᾶν
1484 958 1540 1024 εἰ
1568 963 1770 1023 ταῦτα
1798 957 1987 1023 πάνθ’
2020 956 2326 1046 ὑπῆρχεν,

443 1065 639 1128 ἐκεῖνο
685 1063 752 1128 δὲ
800 1063 887 1145 μὴ
936 1065 1210 1145 προσῆν,
1246 1061 1321 1126 τὸ
1358 1060 1608 1132 δικαίως
1654 1061 1761 1126 καὶ
1806 1065 2043 1146 προῖκα
2089 1086 2327 1147 πεπρε-

442 1162 795 1241 σβευκέναι,
838 1163 1249 1230 ἀπολωλέναι
1287 1162 1493 1245 δήπου
1540 1165 1865 1250 προσῆκεν
1909 1162 2090 1251 αὐτῷ.
2167 1165 2226 1229 εἰ
2258 1162 2329 1230 δὲ

303 1281 413 1352 283
441 1266 598 1346 μήτε
657 1270 859 1331 ταῦτα
914 1264 1061 1348 μήτ’
1101 1267 1324 1345 ἐκεῖνα,
1373 1264 1446 1331 οὗ
1488 1265 1963 1351 τιμωρήσεσθε;
2023 1264 2135 1330 οὐκ
2175 1265 2325 1331 ἀνα·
2351 1295 2471 1352 324

438 1368 887 1449 μνησθήσεσθε
928 1367 1012 1432 οἶν
1053 1371 1417 1452 κατηγορῶν
1455 1367 1634 1448 ἔλεγε
1661 1367 2009 1456 Τιμάρχου,
2039 1365 2120 1437 ὥς
2148 1367 2327 1434 οὐδέν

439 1471 571 1534 ἐστ’
603 1469 834 1555 ὄφελος
863 1470 1109 1540 πόλεως
1138 1469 1274 1550 ἥτις
1303 1468 1390 1549 μὴ
1422 1474 1608 1554 νεῦρα
1638 1470 1743 1534 ἐπὶ
1781 1470 1924 1540 τοίς
1955 1468 2326 1541 ἀδικοῦντας

439 1571 591 1656 ἔχει,
621 1570 762 1635 οὐδὲ
801 1570 1128 1640 πολιτείας
1177 1571 1241 1635 ἐν
1283 1569 1323 1654 ᾗ
1376 1571 1717 1653 συγγνώμη
1762 1571 1869 1636 καὶ
1917 1573 2324 1655 παραγγελία

439 1677 565 1740 τῶν
610 1673 815 1755 νόμων
862 1675 1071 1754 μεῖζον
1119 1672 1472 1760 ἰσχύουσιν·
1550 1670 1675 1738 οὐδ’
1721 1673 1919 1738 ἐλεεῖν
1969 1673 2129 1755 ὑμᾶς
2181 1674 2324 1741 οὔτε

440 1776 552 1856 τὴν
595 1774 837 1860 μητέρα
879 1773 1004 1838 δεῖν
1050 1773 1163 1854 τὴν
1186 1770 1559 1863 ’Τιμάρχοψ
1603 1778 1801 1859 *γραῦν
1845 1779 2127 1856 (γυναῖκα,
2181 1774 2325 1840 οὔτε

441 1878 522 1940 τὰ
562 1876 785 1941 παιδιά
822 1874 949 1942 οὔτ’
990 1877 1196 1941 ἄλλον
1235 1874 1468 1953 οὐδένα,
1502 1875 1650 1941 ἀλλ’
1688 1878 1883 1941 ἐκεῖνο
1926 1875 2099 1959 ὁρᾶν,
2132 1875 2232 1942 ὅτι
2270 1879 2327 1943 εἰ
2611 1882 2637 1949 ἑ

441 1979 806 2065 προήσεσθε
835 1981 917 2045 τὰ
943 1984 1067 2045 τῶν
1106 1980 1312 2063 νόμων
1342 1980 1449 2044 καὶ
1477 1985 1591 2061 τῆς
1619 1981 1966 2060 πολιτείας,
2000 1979 2121 2068 οὐχ
2148 1980 2324 2064 εὑρή-

301 2089 418 2158 284
444 2109 590 2148 σετε
617 2084 759 2153 τοὺς
790 2082 949 2167 ἰμᾶς
978 2082 1199 2154 αὐτοὺς
1228 2081 1626 2164 ἐλεήσοντας.
1701 2081 1850 2148 ἀλλ’
1883 2081 1916 2147 ὁ
1955 2082 2070 2166 μὲν
2101 2082 2322 2148 ταλαί·
2349 2109 2426 2166 32
2435 2108 2466 2167 5

533 2254 559 2311 g
583 2252 691 2301 323.
764 2268 966 2313 στρατια
992 2250 1040 2301 S.
1067 2251 1128 2302 cf.
1157 2254 1183 2313 δ
1206 2253 1317 2302 278.
1390 2250 1630 2313 Sequitur
1651 2251 1798 2312 vulgo
1820 2253 1935 2301 ποία
1958 2253 2178 2314 χορηγία.
2218 2266 2320 2303 om.

436 2316 489 2366 S.
514 2316 574 2364 Y.
705 2316 927 2364 ἁπάντων
958 2329 1056 2365 om.
1095 2315 1146 2364 S.
1182 2316 1278 2363 En.
1314 2315 1492 2367 Tunic.
1531 2317 1689 2364 Dmn.
1723 2317 1893 2366 Vonu.
1924 2317 2089 2365 anx.
2127 2319 2327 2367 st.—

437 2382 592 2430 ἐκεῖνα
617 2381 685 2440 (et
706 2394 827 2427 mox
848 2383 905 2429 τὸ
926 2383 1051 2440 om.)
1078 2380 1129 2429 S.
1154 2380 1252 2428 En.
1278 2380 1461 2428 Ttmm.
1486 2380 1640 2431 Dum.
1668 2379 1840 2428 Voma.

530 2445 688 2505 5324.
763 2462 826 2493 ων
852 2444 993 2494 ὀὗτος
1025 2443 1217 2505 aliquot
1249 2443 1382 2504 libri,
1423 2444 1511 2493 sed
1544 2463 1674 2495 ουτος
1707 2459 1806 2494 om.
1846 2444 1897 2493 S.
1933 2444 2329 2506 alii.—-lcxfiet

434 2507 481 2558 k.
513 2522 552 2557 s·
578 2512 661 2558 am.
684 2507 766 2556 Al.
789 2506 866 2558 ΑΩ.
899 2522 1028 2568 quae
1049 2508 1268 2556 varietas
1288 2507 1542 2558 notabilis.
1680 2509 1798 2556 Mox
1820 2511 1927 2557 οὐδε
1949 2513 2035 2567 τὴν
2055 2527 2107 2568 μ.
2139 2508 2328 2558 S.—

436 2575 509 2621 δεΐ
531 2575 618 2630 τὴν
649 2574 755 2631 Τιμ.
779 2572 838 2622 A.
862 2572 912 2623 k.
942 2586 984 2622 8.
1049 2571 1166 2622 'Vid-
1188 2575 1318 2623 Ami..
1352 2574 1480 2621 Crit.
1505 2572 1570 2621 ad
1591 2576 1616 2634 5
1641 2574 1752 2621 213.

435 2640 499 2686 τὰ
519 2651 621 2685 om.
647 2637 699 2688 S.
723 2636 784 2685 Y.

1884 2576 1947 2622 τὸ.
1967 2576 2052 2633 τῆς
2076 2591 2126 2625 π.
2156 2574 2324 2635 vulgo·

1430 2772 1545 2832 tary
1567 2770 1676 2832 gift,
1694 2785 1794 2832 e.g.
1814 2773 2036 2821 ἐπίδοσις.
2086 2771 2330 2822 Schaefer

1431 2837 1589 2883 refers
1634 2838 1689 2882 to
1734 2835 1979 2885 Cherson.
2019 2851 2068 2898 p.
2104 2837 2168 2886 96
2200 2840 2225 2897 ἓ
2263 2839 2328 2887 25

435 2787 582 2835 poses
590 2774 668 2821 for
679 2771 846 2821 which
860 2771 1074 2820 another
1086 2770 1327 2833 priestess

436 2838 533 2886 has
567 2838 697 2886 been
736 2838 829 2898 put
868 2839 921 2884 to
956 2835 1167 2887 death.'’
1234 2837 1328 2883 Ac-

416 2901 646 2962 cording
667 2903 721 2950 to
745 2900 951 2962 Ulpium,
971 2900 1061 2948 the
1089 2899 1328 2961 priestess

436 2967 620 3023 Ninus,
655 2964 826 3014 whose
863 2964 1153 3013 conviction
1189 2978 1329 3025 upon

436 3031 526 3079 the
542 3029 865 3092 prosecution
875 3030 930 3076 of
946 3028 1033 3076 the
1049 3028 1330 3090 sycophant

439 3095 690 3142 Menecles
710 3093 757 3141 is
779 3092 983 3141 alluded
995 3095 1049 3141 to
1065 3093 1239 3142 Boeot.
1265 3092 1329 3140 de

437 3158 644 3207 Nomin.
684 3172 734 3219 p.
771 3158 866 3208 995
905 3158 1009 3218 §2-
1078 3156 1327 3207 Senam-,x

439 3231 470 3252 ‘⁴
486 3223 657 3271 Facile
695 3221 963 3283 suspiceris
1000 3220 1057 3268 in
1090 3220 1194 3268 illis
1230 3223 1328 3269 θιά-

439 3305 550 3346 σοις,
599 3287 662 3334 ob
707 3300 834 3347 quos
877 3285 1062 3333 mulier
1110 3299 1329 3346 poenam

437 3350 707 3412 capitalem
737 3364 888 3411 passa
909 3350 1005 3407 est,
1028 3352 1134 3399 τοὺς
1158 3352 1327 3398 θιασώ·

438 3434 523 3465 τας
543 3428 664 3462 usos
686 3414 799 3474 ipsa
820 3413 1078 3462 sacerdote
1107 3417 1328 3475 προξενη·

440 3483 547 3539 τρίᾳ
579 3481 896 3538 perpetrasse
925 3491 1054 3537 quae
1077 3477 1330 3538 flagitiosa

437 3543 662 3589 essent-‘⁹
728 3544 946 3600 τέθνηκεν
968 3543 993 3600 ἓ
1017 3542 1124 3590 150.

503 3605 615 3652 432.
669 3608 696 3663 g
718 3606 826 3656 323.
857 3604 1034 3668 εὔνοια]
1060 3605 1329 3652 “Benevo-

438 3668 632 3724 lence,’‘
668 3667 701 3716 i.
718 3682 761 3715 e.
802 3667 1024 3730 gratuity
1062 3682 1119 3717 or
1151 3669 1328 3717 volun-

1432 2902 1555 2961 φασὶ
1590 2899 1628 2948 δ’
1650 2898 1823 2949 εὐνοίας
1854 2903 2042 2959 διδόναι,
2073 2903 2152 2950 καὶ
2185 2905 2330 2952 τοῦτο

1431 2968 1636 3023 τοῦνομα
1668 2967 1771 3026 ἔχει
1802 2966 1865 3013 τὰ
1898 2967 2127 3024 λήμματα
2156 2968 2325 3017 ταῦτα.

1430 3028 1544 3076 Add
1586 3028 1649 3076 de
1688 3029 1871 3076 Coton.
1911 3043 1962 3090 p.
2000 3031 2095 3078 328
2136 3033 2164 3091 ἓ
2208 3031 2309 3083 311.

1431 3092 1521 3153 Cp,
1546 3095 1838 3154 ἐπεδίδοσαν,
1865 3095 2116 3144 ἐπέδωκας.

1495 3157 1522 3212 §
1549 3157 1660 3205 324.
1728 3158 2056 3219 παραγγελία]
2125 3157 2220 3207 See
2257 3172 2329 3207 on

1428 3223 1455 3281 ς
1490 3222 1535 3270 1.
1621 3220 2062 3283 These.passages
2105 3235 2191 3270 are
2232 3226 2330 3272 not

1431 3283 1591 3334 found
1626 3283 1684 3333 in
1718 3285 1807 3334 the
1840 3287 2105 3349 published
2138 3287 2327 3347 speech

1431 3349 1485 3396 of
1515 3348 1806 3400 Aeschines,
1882 3348 2140 3412 Similarly
2168 3365 2328 3413 many

1432 3413 1595 3474 topics
1639 3427 1725 3461 are
1765 3413 2003 3462 advertcd
2040 3415 2095 3461 to
2136 3414 2196 3462 in
2237 3414 2326 3463 his

1431 3478 1574 3538 reply
1594 3479 1647 3526 to
1678 3477 1784 3526 this
1808 3478 2021 3526 Oration
2049 3492 2106 3526 as
2132 3478 2326 3541 having

1431 3541 1561 3589 been
1592 3541 1812 3590 touched
1843 3556 1980 3604 upon
2013 3542 2079 3603 by
2110 3543 2323 3591 Demos·

1431 3605 1614 3655 thenes
1644 3605 1810 3661 which
1849 3621 1935 3656 are
1966 3621 2081 3655 now
2112 3609 2206 3656 not
2240 3621 2324 3657 ex-

1428 3672 1560 3720 tant.
