2667 4142
789 191 910 255 DE
968 189 1255 255 FALSA
1310 189 1842 254 LEGATIONE.
1931 227 1946 236 -
2134 192 2258 254 255

385 351 395 437 Ι
426 349 863 413 ἐναντιοῦνται.
957 346 1042 412 ὦν
1071 345 1443 432 ἀποστερῶν
1472 346 1739 414 ἐκείνους
1769 344 1946 415 οὗτος
1975 342 2157 414 αὐτὸς
2186 342 2264 409 ἂν
2282 371 2410 433 442

381 452 490 528 τῆς·
519 449 838 531 ἐπιτιμίας
878 448 1126 518 δικαίως
1167 452 1273 513 νῦν
1312 449 1663 534 στερηθείη,
1703 448 1808 513 καὶ
1838 446 2075 527 ταύτην
2104 445 2262 533 ὑπὲρ

233 560 356 631 360
380 554 506 615 τῶν
533 551 861 635 προγόνων
889 549 1060 632 ὑμεῖς·
1090 550 1267 630 δίκην
1293 550 1567 627 λάβοιτε
1594 547 1745 634 παρ’
1778 548 1982 614 αὐτοῦ.
2065 548 2263 613 τοιού·-

379 679 511 722 τοις
538 652 754 736 μέντοι
780 652 1017 736 λέγοις,
1053 651 1100 717 ὦ
1131 652 1292 733 κακὴ
1330 652 1598 739 κεφαλή,
1646 652 1729 716 σὺ
1768 652 1847 715 τὰ
1882 656 2005 717 τῶν
2032 651 2263 739 προγό·

381 781 502 820 νων
547 754 704 841 ἔργα
747 759 1037 836 συλήσας
1079 755 1186 818 καὶ
1234 753 1538 838 διασύρας
1585 756 1674 839 τῷ
1709 753 1883 837 λόγῳ
1927 751 2141 818 πάντα
2184 753 2266 818 τὰ

378 854 702 940 πράγματ’
757 856 1117 923 ἀπώλεσας.
1208 855 1345 920 εἶτα
1400 860 1694 940 γεωργεῖς
1746 857 1817 920 ἐκ
1867 859 2100 920 τούτων
2156 856 2264 921 καὶ
2288 887 2321 942 3
2335 888 2404 939 14

379 962 603 1036 σεμνὸς
630 956 907 1039 γέγονας.
976 957 1083 1021 καὶ
1104 958 1228 1042 γὰρ
1252 956 1330 1021 αὖ
1357 962 1563 1022 τοῦτο·
1609 957 1737 1042 πρὸ
1762 958 1881 1039 μὲν
1910 962 2021 1023 τοῦ
2050 957 2264 1022 πάντα

381 1059 547 1123 κακὰ
574 1058 910 1142 εἰργάσθαι
939 1059 1053 1138 τὴν
1081 1058 1275 1124 πόλιν
1305 1058 1617 1140 (ὁμολόγει
1644 1059 2264 1146 γεγραμματευκέναι

381 1160 487 1223 καὶ
516 1159 709 1248 χάριν
747 1158 894 1239 ὑμῖν
933 1160 1103 1248 ἔχειν
1141 1166 1254 1226 τοῦ
1292 1162 1827 1248 χειροτονηθῆναι,
1872 1162 1978 1225 καὶ
2011 1162 2266 1244 μέτριον

380 1267 685 1350 παρεῖχεν
715 1262 952 1327 ἑαυτὸν·
1015 1261 1228 1341 ἐπειδὴ
1260 1263 1328 1327 δὲ
1356 1264 1550 1347 μυρία
1581 1266 1911 1347 εἴργασται
1943 1264 2121 1339 κακά,
2154 1264 2266 1332 τὰς

382 1362 572 1449 ὀφρῦς
619 1364 960 1446 ἀνέσπακε,
1010 1365 1130 1431 κᾶν
1171 1374 1205 1399 “
1223 1365 1256 1431 ὁ
1293 1369 1861 1455 γεγραμματευκὼς
1900 1369 2215 1455 Αἰσχίνης
2235 1370 2264 1393 ”
2326 1355 2336 1363 ’

381 1468 527 1551 εἴπῃ
567 1493 677 1545 τις,
720 1468 945 1556 ἐχθρὸς
995 1468 1231 1543 εὐθέως,
1275 1470 1382 1534 καὶ
1429 1474 1635 1540 κακῶς
1677 1470 1876 1555 φησὶν
1917 1469 2264 1552 ἀκηκοέναι,

380 1620 603 1681 sagacior
645 1618 836 1667 oblitus
878 1619 1045 1668 fuerat
1092 1622 1374 1680 ἀποστερεῖν
1417 1622 1539 1680 χρέα
1583 1633 1623 1669 Β.
1676 1622 2087 1682 παρακαταθήκην
2140 1635 2262 1668 eon·

383 1687 580 1732 stanter
601 1683 715 1733 dici.
777 1684 1004 1746 Thucyd.
1030 1698 1088 1732 11.
1113 1686 1178 1731 44
1202 1688 1279 1733 καὶ
1303 1688 1435 1743 λύπη
1464 1684 1553 1744 οὐχ
1576 1684 1642 1732 ὦν
1666 1685 1726 1732 ἄν
1745 1701 1815 1733 τις
1835 1688 1902 1744 μὴ
1926 1688 2265 1746 πειρασάμενος

383 1751 579 1811 ἀγαθῶν
621 1750 948 1807 στερίσκηται·
1007 1748 1099 1796 ubi
1136 1748 1202 1796 ad
1254 1748 1596 1797 Grammatioi
1646 1762 1884 1796 normam
1935 1752 2264 1812 ἀποστερῆται

383 1812 532 1862 scribi
554 1812 793 1872 oportuit.

479 1879 503 1936 g
524 1877 636 1926 360.
702 1876 801 1923 Pro
853 1875 1033 1936 λόγοις,

379 1941 492 1989 vult
516 1941 736 1989 Tinna.

1082 1879 1239 1938 ἔργοις
1281 1876 1487 1924 Munna.

790 1944 826 1968 “
847 1939 1066 2001 Uterque
1084 1940 1306 1989 fallitur:
1346 1944 1403 1989 ut
1421 1940 1560 1989 enim
1581 1945 1806 1991 τοιούτοις
1827 1942 1989 2001 λόγοις
2011 1944 2061 1989 et
2083 1945 2147 1991 τὰ
2169 1945 2263 1990 τῶν

1551 1877 1624 1937 τῷ
1664 1877 1800 1939 λόγῳ
1839 1876 1961 1925 infr.
2008 1876 2262 1926 omissum

384 2004 628 2067 προγόνων
648 2007 783 2066 ἔργα,
809 2004 884 2053 ita
914 2006 982 2066 τῷ
1015 2004 1147 2066 λόγῳ
1180 2008 1231 2053 et
1261 2008 1421 2054 πάντα
1460 2004 1522 2053 τὰ
1558 2007 1822 2067 πράγματα
1856 2005 1992 2053 inter
2023 2020 2078 2054 se
2108 2020 2261 2067 oppo-

380 2072 633 2118 nuntur.”
703 2068 914 2119 Senum.

1052 2070 1173 2116 Post
1197 2073 1274 2118 καὶ
1296 2072 1408 2131 γάρ,
1440 2073 1499 2118 αὖ
1527 2084 1625 2119 om.
1669 2070 1721 2118 S.
1756 2070 1816 2117 Y.
1856 2070 1903 2119 k.
1944 2084 1986 2119 S.
2024 2070 2107 2118 Al.

2163 2071 2262 2120 En.

384 2132 563 2182 Tumc.
602 2132 760 2181 Dmn.
795 2132 961 2182 vomu.
1005 2133 1172 2182 Bnn.
1222 2136 1286 2181 st.
1358 2133 1459 2183 Sed
1501 2133 1558 2181 in
1601 2133 1723 2183 Mid.
1766 2148 1817 2194 p.
1867 2134 1963 2183 568
1999 2136 2024 2193 ξ
2069 2135 2162 2186 167
2201 2149 2265 2183 ex

384 2196 592 2259 optimis
616 2195 771 2245 Codd.
796 2195 974 2245 eadem
1004 2197 1158 2245 verba
1179 2196 1449 2245 ediderunt
1472 2212 1665 2254 omnen,
1692 2201 1742 2246 et
1767 2201 1843 2256 αὖ,
1866 2196 1911 2246 si
1947 2197 2069 2258 quid
2099 2198 2262 2256 videm

383 2275 530 2321 aegre
552 2260 729 2309 abesse
749 2263 1181 2324 potest—orpes
1201 2265 1288 2321 μὲν
1313 2264 1399 2310 τοῦ
1422 2262 1473 2311 S.

385 2325 548 2374 voluit
571 2325 732 2374 Dona.

1608 2264 1734 2323 εἶχεν
1757 2264 1869 2326 (pro
1902 2264 2048 2324 ἔχειν)
2074 2262 2265 2312 trustra

480 2389 640 2450 5361.
708 2391 833 2437 εἴποι
864 2388 999 2450 vulg.
1039 2391 1159 2438 ante
1191 2389 1361 2437 anz.
1392 2390 1537 2450 eujus
1571 2404 1599 2438 e
1629 2388 1780 2438 Oodd.
1827 2389 2020 2439 habent
2054 2390 2265 2439 nonnisi

382 2519 480 2568 τοῖς
511 2518 627 2575 ζῶσι
658 2518 775 2580 πρὸς
806 2519 863 2565 τὸ
896 2518 1176 2565 ἀντίπαλον·
1213 2518 1271 2565 τὸ

383 2584 434 2631 δὲ
486 2585 554 2641 μὴ
608 2584 825 2641 ἐμποδὼν
879 2580 1276 2643 ἁνανταγωνίστῳ

384 2649 538 2706 εὐνοίᾳ
559 2648 822 2705 τετίμηται.

450 2711 560 2759 442.
581 2711 607 2769 ἓ
627 2711 737 2759 359.
761 2713 846 2768 τῆς
858 2710 1115 2770 ἐπιτιμίας]
1133 2709 1273 2756 “His

382 2773 511 2822 civio
541 2773 721 2833 rightS,
761 2773 846 2821 his
892 2774 1145 2821 franchise
1157 2773 1185 2795 ''
1232 2775 1274 2837 )(

383 2837 894 2897 ἀτιμίαι-ταύτην
916 2839 1063 2898 δίκην]
1106 2837 1270 2885 “This

381 2917 438 2950 as
460 2918 494 2950 a
526 2901 960 2962 compensation.''
1007 2902 1074 2951 So
1096 2907 1275 2960 ταύτην

382 2969 546 3027 φήμην
579 2969 849 3027 παρέδοσαν
890 2966 1020 3013 Plat.
1068 2966 1263 3016 Phileb.

383 3031 445 3078 16
468 3030 507 3080 Ο
540 3031 570 3058 “
589 3029 732 3091 They
752 3028 954 3078 handed
984 3029 1088 3077 this
1125 3030 1270 3078 down

382 3110 439 3142 ας
462 3110 496 3142 α
516 3094 812 3143 tradition.’'
858 3094 923 3142 In
948 3094 1173 3155 Thucyd.
1197 3109 1267 3142 VI.

381 3158 445 3206 54
481 3162 698 3222 τύραννοι
732 3157 862 3207 οὗτοι
893 3159 938 3206 is
962 3161 1016 3206 to
1056 3159 1118 3206 be
1155 3173 1269 3207 ren·

385 3223 537 3271 <iered
577 3222 772 3271 “these
806 3224 894 3285 sor
938 3222 1183 3283 tyrants”
1221 3224 1271 3286 (a

382 3301 472 3347 sop
517 3289 570 3335 to
623 3286 714 3334 the
767 3286 1027 3334 Athenian
1087 3286 1269 3347 hyda-a·

378 3350 573 3399 headed
590 3350 869 3412 Cerberus).
912 3350 977 3400 So
998 3353 1274 3412 ἐπίγραμμα

380 3421 493 3476 ἔχον
511 3415 638 3463 τόδε.

443 3480 604 3540 ἕ360.
672 3479 885 3538 συλήσας
918 3482 994 3528 καὶ
1030 3480 1269 3541 διασύρας]

381 3542 610 3591 Another
619 3543 850 3591 instance
865 3544 918 3590 of
934 3543 1022 3592 the
1032 3546 1268 3605 templana-

383 3614 491 3670 tory
516 3614 588 3663 (or
616 3609 901 3669 corrective)
938 3621 1029 3655 use
1073 3610 1127 3655 of
1172 3612 1262 3659 καί.

382 3670 478 3720 See
509 3672 671 3731 5102.
742 3671 958 3721 ὅσων.
1001 3672 1268 3732 “συλήσας

1366 3033 1530 3093 pieces
1549 3048 1564 3079 .·

1378 2531 1494 2565 oum
1514 2516 1652 2565 idem
1682 2516 1750 2566 sit
1772 2517 1907 2578 quod
1935 2517 2268 2581 ἀποστερήσας

1376 2584 1472 2629 τῶν
1500 2585 1721 2640 ἐπαίνων,
1744 2581 2116 2643 interpretandi
2149 2597 2267 2643 ergo

1377 2645 1611 2693 additum
1633 2649 1711 2694 est
1729 2645 2001 2708 διασύρας.”
2036 2650 2268 2709 διασύρειν

1379 2711 1672 2770 (traducere,
1733 2719 1781 2758 to
1835 2714 1943 2758 elur
1989 2715 2120 2771 over)
2154 2711 2201 2758 is

1376 2774 1626 2822 favourite
1642 2774 1777 2822 word
1800 2776 1851 2822 of
1872 2774 2258 2835 Demosthene3‚

1375 2851 1418 2885 e.
1429 2852 1475 2898 g.
1500 2837 1562 2885 de
1586 2838 1762 2889 Coron.
1791 2853 1840 2900 p,
1882 2840 1977 2886 234
2008 2842 2034 2899 ἓ
2068 2841 2148 2889 27.
2213 2840 2265 2887 It

1372 2901 1419 2949 is
1483 2903 1740 2964 generally
1807 2902 2118 2951 understood
2187 2906 2264 2964 (as

1375 2969 1626 3027 διαφέρειν,
1666 2969 1882 3029 differre)
1923 2973 2020 3016 “to
2059 2975 2168 3016 tear
2198 2971 2257 3017 in

1571 3030 1598 3052 ''
1633 3031 1725 3079 but
1749 3033 1775 3080 I
1798 3031 1949 3079 think
1974 3031 2065 3080 the
2094 3035 2260 3080 trans·

1372 3094 1535 3142 lation
1579 3095 1608 3143 I
1649 3094 1780 3144 have
1815 3097 1963 3155 given
2007 3096 2139 3145 suits
2194 3097 2264 3145 all

1372 3172 1612 3220 passages
1666 3159 1723 3207 in
1776 3160 1943 3207 which
1987 3159 2078 3208 the
2125 3161 2263 3209 word

1373 3237 1566 3281 occure,
1590 3223 1758 3271 andis
1785 3224 2060 3284 analogous
2082 3226 2136 3272 to
2172 3224 2264 3273 the

1371 3301 1462 3334 use
1485 3289 1538 3334 of
1574 3290 1808 3350 ἐπισύρειν
1838 3288 2042 3349 Leptin.
2078 3303 2127 3349 p.
2167 3290 2264 3339 496

1371 3352 1513 3411 §131
1549 3355 1618 3412 (to
1652 3354 1826 3412 ylance
1866 3368 1995 3411 over,
2029 3359 2076 3400 to
2109 3355 2263 3417 hurty

1371 3415 1809 3592 ἴὲἓὲιέιοιὲῗοτὲε,
1833 3415 2266 3530 gonsYJVl‘glzfaotngg

1372 3547 1398 3605 δ
1439 3610 1465 3667 ἕ
1490 3607 1599 3656 361.
1670 3609 1811 3671 μυρία
1836 3611 2087 3670 εἴργασται
2116 3610 2263 3670 κακά]

1375 3671 1468 3721 See
1493 3686 1561 3719 on
1584 3675 1607 3733 ἓ
1630 3673 1740 3722 389.
1874 3676 1987 3736 Εχρι
2019 3676 2113 3722 τῶν
2143 3682 2262 3734 σφν·
