2667 4142
799 197 919 262 DE
975 195 1258 260 FALSA
1319 194 1844 260 LEGATIONE.
2132 195 2258 258 223

392 355 628 422 δίκαιον
684 354 792 421 καὶ
837 355 910 419 τὸ
958 355 1242 434 κολάζειν
1291 352 1435 422 τοῦς
1486 351 1568 417 τὰ
1612 356 1875 416 τοιαῦτα
1922 353 2259 420 ποιοῦντας

391 457 653 540 ἔντιμον,
687 455 850 522 ὥστε
884 460 995 535 τῆς
1024 455 1212 536 αὐτῆς
1242 455 1491 538 ἠξιοῦτο
1521 454 1809 524 στάσεως
1838 453 1911 520 τό
1942 481 2011 519 τε
2041 452 2258 538 ἀριστ·

391 563 515 624 εῖον
543 562 653 640 τῆς
683 560 826 624 θεοῦ
869 558 977 624 καὶ
1020 558 1090 624 αἱ
1133 557 1296 623 κατὰ
1339 561 1463 624 τῶν
1498 557 1582 623 τὰ
1620 555 1853 622 τοιαῦτ’
1884 555 2260 621 ἀδικούντων

249 686 366 742 310
392 662 699 746 τιμωρίαι·
738 664 845 727 νῦν
875 660 941 725 δὲ
968 659 1184 743 γέλως,
1203 659 1402 738 ἄδεια,
1433 659 1725 747 αἰσχύνη,
1758 658 1814 723 εἰ
1838 658 1925 740 μὴ
1956 656 2069 738 τὴν
2097 655 2258 738 ἄγαν

242 1089 358 1143 311

390 765 623 846 ταύτην
673 766 963 849 ἐξουσίαν
1020 766 1302 850 σχήσετε
1351 769 1457 830 νῦν
1506 764 1688 845 ὑμεῖς.
1779 763 2005 844 νομίζω
2050 764 2258 828 τοίνυν

389 866 565 944 ὑμᾶς,
615 866 663 932 ὦ
709 865 923 953 ἄνδρες
967 866 1307 946 Ἀθηναῖοι,
1361 865 1431 931 οὐ
1478 865 1615 931 καθ’
1667 865 1733 930 ἔν
1779 891 1842 929 τι
1884 864 2075 947 μόνον
2120 863 2259 932 τοὺς

390 970 731 1053 προγόνους
786 969 1199 1051 μιμουμένους
1256 968 1448 1055 ὀρθῶς
1508 967 1588 1032 ἂν
1643 973 1862 1048 ποιεῖν,
1922 966 2094 1031 ἀλλὰ
2154 965 2259 1030 καὶ

393 1070 554 1134 κατὰ
596 1071 807 1137 πάντα
848 1072 972 1134 ὅσα
1011 1070 1323 1154 ἔπραττον
1372 1072 1608 1155 ἐφεξῆς.
1672 1070 1893 1133 ἐκεῖνοι
1922 1066 2145 1143 τοίνυν,
2179 1067 2258 1136 ὥς

390 1172 659 1242 ἅπαντες
702 1171 769 1237 εὖ
812 1171 924 1237 οἶδ’
954 1170 1050 1237 ὅτι
1093 1172 1201 1238 τὸν
1241 1172 1434 1252 λόγον
1473 1176 1694 1236 τοῦτον
1722 1169 2044 1250 ἀκηκόατε,
2079 1172 2257 1233 Καλ-

388 1273 537 1337 λίαν
564 1273 671 1338 τὸν
712 1273 1083 1340 Ἱππονίκου
1126 1273 1360 1352 ταύτην
1407 1273 1521 1352 τὴν
1562 1271 1683 1336 ὑπὸ
1711 1273 1968 1337 πάντων
1998 1272 2259 1356 θρυλου-

483 1455 643 1516 5310.
696 1452 917 1515 ¹catenum
939 1468 1036 1503 om.
1076 1453 1125 1502 S.
1165 1452 1261 1502 En.
1303 1452 1481 1501 Tuum.
1523 1450 1693 1499 Vomt.
1721 1449 1886 1497 anz.
1913 1450 1973 1499 st.
2041 1447 2255 1508 Iniuria,

388 1518 591 1579 opium-3
670 1532 960 1578 quanquam
1013 1518 1172 1566 DOBR.
1235 1530 1433 1577 quoque
1473 1514 1722 1562 omissum
1766 1513 1973 1561 mavult.
2058 1514 2256 1561 «Iudicii

390 1582 507 1642 (vid.
531 1582 596 1630 ad
617 1585 644 1642 ξ
670 1582 781 1645 219)
805 1581 1070 1630 Beiskiani
1100 1582 1221 1643 apto
1249 1579 1478 1640 exemplo
1500 1578 1567 1626 sit
1589 1577 1699 1639 ejus
1724 1576 2034 1626 emendatio:
2090 1578 2170 1625 νῦν
2208 1579 2258 1626 δὲ

388 1649 557 1708 γέλως,
581 1649 672 1706 ὅση
695 1648 826 1694 ἄδεια
847 1648 1067 1706 Αἰσχίνη.

487 1713 513 1768 ἓ
535 1710 645 1759 311.
719 1711 865 1770 λόγον
890 1710 941 1774 (“
962 1710 1017 1756 in
1051 1709 1210 1757 erasis
1232 1708 1262 1758 9
1284 1707 1449 1755 literis
1473 1706 1561 1753 sed
1584 1705 1830 1766 scriptum
1852 1701 2019 1766 prima
2048 1719 2209 1753 manu
2224 1707 2255 1730 ’⁹

386 1772 585 1837 Voem.)
634 1773 683 1824 S.
762 1774 885 1822 Mox
925 1775 1238 1836 θρυλουμένην
1265 1772 1320 1822 F.
1366 1772 1415 1821 S.
1461 1771 1518 1821 Y.
1564 1770 1622 1831 Q.
1660 1770 1709 1820 k.
1762 1769 1841 1820 Al.
1911 1771 2256 1832 θρυλλουμένην

389 1939 497 1986 tion
513 1951 571 1985 or
591 1950 646 1985 as
664 1953 697 1985 α
707 1938 922 1999 particle
944 1938 1001 1999 of
1010 1937 1275 1998 inference.

385 2004 603 2060 -τῆς
641 2001 1078 2061 αὐτῆς...στάσεως]
1160 1999 1277 2047 “Of

387 2065 477 2113 the
493 2080 632 2113 same
643 2065 916 2126 position,’'
937 2063 971 2113 i.
987 2079 1030 2111 e.
1045 2068 1099 2112 to
1124 2063 1275 2111 stand

386 2128 442 2176 in
465 2129 555 2177 the
577 2143 716 2177 same
737 2130 894 2189 place,
917 2131 972 2176 to
1006 2128 1066 2176 be
1097 2126 1275 2189 placed

387 2194 521 2241 close
572 2195 626 2240 to
679 2207 776 2240 one
830 2192 1058 2242 another.
1225 2194 1277 2239 al

386 2258 623 2318 τιμωρίαι]
677 2256 766 2304 i.e.
812 2257 845 2315 ὴ
889 2259 1065 2315 στήλη·
1120 2269 1176 2303 as
1210 2257 1272 2303 τὰ

386 2324 648 2383 γράμματα
670 2320 842 2368 above.

449 2387 608 2444 5310.
674 2383 907 2447 ἐξουσίαν]
962 2383 1268 2432 “License.”

388 2447 482 2497 See
503 2451 529 2508 5
553 2449 662 2506 222,
687 2448 806 2497 Mid.
836 2462 886 2508 p.
926 2448 1019 2498 559
1043 2451 1067 2507 ἓ
1092 2449 1200 2496 138.

448 2512 602 2571 ἓ311.
668 2515 847 2570 ταύτην
896 2515 984 2570 τὴν
1033 2513 1123 2560 ὑπό
1129 2549 1243 2560 ......
1249 2510 1271 2575 ]

389 2581 419 2604 “
434 2576 579 2623 After
599 2575 788 2636 having
819 2590 884 2622 on
919 2575 1001 2622 his
1041 2575 1274 2637 embassy

384 2638 673 2700 negotiated
697 2643 797 2701 (see
812 2642 837 2698 ς
852 2640 962 2702 147)
982 2640 1096 2687 that
1116 2653 1270 2700 peace

384 2703 551 2751 which
582 2703 628 2751 is
663 2702 721 2751 in
748 2702 838 2751 the
871 2703 1052 2750 mouth
1096 2704 1148 2750 of
1180 2703 1264 2760 all,

387 2772 399 2795 ⁸
415 2767 531 2815 that
550 2766 640 2815 the
660 2767 780 2827 king
801 2767 855 2814 of
887 2768 1059 2815 Persia
1089 2767 1272 2815 should

383 2832 475 2878 not
496 2845 638 2879 come
659 2831 805 2878 down
820 2833 874 2878 to
895 2831 985 2878 the
1020 2845 1105 2878 sea
1130 2833 1269 2879 coast

384 2894 564 2942 within
608 2908 638 2942 a
685 2894 824 2954 day's
877 2894 1089 2954 joui-noy
1125 2895 1205 2942 ior
1237 2908 1267 2942 a

382 2957 546 3017 horse,
574 2972 668 3006 nor
703 2959 800 3006 sail
841 2958 964 3006 with
999 2973 1030 3006 a
1068 2958 1183 3018 ship
1216 2958 1270 3005 oi

383 3037 483 3070 war
535 3022 716 3070 within
769 3023 858 3070 the
930 3022 1267 3070 chelidonian

383 3086 530 3134 rocks
553 3086 652 3133 and
675 3086 938 3147 Cyaneae,'
961 3086 1172 3133 because
1201 3085 1266 3134 he

382 3164 484 3198 was
506 3149 768 3211 adjudged,
787 3149 910 3200 &c.'’
975 3149 1099 3198 This
1114 3163 1268 3211 peace

384 3228 482 3261 was
536 3214 819 3274 negotiated
867 3214 962 3265 470
1001 3228 1094 3264 Β.ο.
1152 3214 1266 3275 [466

389 3279 562 3339 Olina]
586 3278 717 3325 after
728 3278 817 3326 the
839 3276 1064 3326 two-sold
1075 3277 1268 3340 victory

384 3356 451 3389 on
504 3341 595 3389 the
647 3342 780 3389 river
833 3342 876 3388 E
1029 3341 1159 3390 edon
1210 3341 1267 3389 in

384 3405 686 3466 Pamphylia
731 3404 926 3467 (briefiy
968 3405 1172 3466 alluded
1213 3408 1269 3454 to

384 3469 451 3530 by
474 3469 700 3529 Thucyd.
725 3483 760 3518 1.
792 3469 903 3533 100)
929 3484 986 3517 as
1019 3484 1093 3517 we
1126 3470 1269 3517 leam

385 3533 519 3580 from
572 3533 785 3593 Lycurg.
830 3547 870 3581 c.
919 3534 1090 3583 Leocr.
1135 3536 1159 3592 ξ
1204 3535 1265 3584 73

385 3610 436 3657 p.
465 3597 556 3647 157
581 3596 653 3647 St.
672 3598 820 3647 :187
857 3597 916 3645 R.
958 3597 1035 3645 ἐπ’
1071 3600 1272 3659 Εὐρυμέ-

388 3663 515 3709 δοντι
559 3662 610 3709 δὲ
659 3662 736 3709 καὶ
779 3660 1150 3722 πεζομαχοῦντες
1193 3664 1270 3711 καὶ

1366 1933 1709 1994 ναυμαχοῦντες
1727 1935 1954 1993 ἐνίκησαν,
1969 1972 1978 1981 .
1988 1973 1998 1983 .
2010 1972 2019 1982 .
2028 1934 2258 1992 συνθήκας

1366 2002 1651 2056 ἐποιήσαντο
1688 1999 1856 2060 μακρῷ
1883 2001 1969 2055 μὲν
1998 2000 2153 2057 πλοίῳ
2189 2000 2256 2055 μὴ

1371 2065 1511 2110 πλεῖν
1548 2065 1675 2111 ἐντὸς
1714 2063 1938 2110 Κυανέων
1983 2064 2057 2109 καὶ
2092 2064 2251 2120 Φασή·

1365 2130 1492 2175 λιδος
1538 2126 1684 2186 (ὥστε
1728 2129 1907 2187 μακρὸν
1963 2127 2131 2173 πλοῖον
2174 2127 2253 2174 ἐπὶ

1369 2194 1483 2238 τάδε
1537 2192 1804 2248 Φασήλιδος
1877 2192 1944 2248 μὴ
2011 2192 2256 2237 καθέλκειν

1368 2255 1521 2303 Isocr.
1567 2255 1749 2314 Paneg.
1774 2268 1821 2312 p.
1854 2254 1914 2302 65
1937 2253 2008 2313 b),
2044 2252 2249 2301 Diodor.

1370 2318 1465 2367 Sic.
1512 2331 1603 2365 111.
1642 2317 1675 2364 4
1723 2317 1904 2379 (where
1940 2331 2022 2363 see
2056 2317 2252 2364 Wesse·

1365 2382 1505 2443 ling),
1535 2380 1638 2429 and
1668 2381 1908 2429 Plutarch
1928 2380 2029 2427 vit.
2056 2379 2250 2430 Cimon.

1370 2446 1427 2493 T.
1469 2461 1502 2495 1.
1536 2460 1587 2506 p.
1622 2445 1717 2493 486
1741 2445 1784 2491 E
1833 2445 1973 2493 τοῦτο
2014 2446 2071 2492 τὸ
2115 2445 2255 2506 ἔργον

1369 2510 1514 2559 οὕτως
1534 2512 1819 2558 ἐταπείνωσε
1839 2511 1926 2567 τὴν
1955 2509 2147 2569 γνώμην
2167 2510 2255 2557 τοῦ

1367 2577 1617 2636 βασιλέως,
1682 2573 1806 2621 ὥστε
1851 2574 2099 2620 συνθέσθαι
2164 2576 2252 2631 τὴν

1368 2639 1651 2700 περιβόητον
1674 2640 1859 2698 εἰρήνην
1892 2639 2069 2694 ἐκείνην
2105 2637 2253 2685 ἵππου

1367 2706 1452 2762 μὲν
1497 2702 1663 2763 δρόμον
1717 2703 1787 2749 ἀεὶ
1835 2704 1920 2760 τῆς
1968 2700 2255 2760 Ἑλληνικῆς

1370 2769 1568 2826 ἀπέχειν
1599 2767 1852 2823 θαλάττης,
1878 2767 2004 2813 ἔνδον
2037 2767 2088 2813 δὲ
2121 2767 2251 2814 Κυα-

1367 2833 1481 2878 νέων
1524 2831 1603 2877 καὶ
1646 2831 1927 2877 Χελιδονίων
1978 2831 2139 2890 μακρᾷ
2180 2831 2259 2887 νηῒ

1369 2897 1446 2942 καὶ
1466 2895 1785 2953 χαλκεμβόλῳ
1806 2897 1872 2952 μὴ
1895 2895 2049 2941 πλεῖν.
2102 2895 2255 2942 καίτοι

1369 2960 1698 3016 Καλλισθένης
1728 2959 1782 3005 οὔ
1811 2965 1929 3017 φησι
1962 2958 2115 3005 ταῦτα
2148 2974 2253 3005 συν·

1368 3025 1534 3070 θέσθαι
1578 3024 1660 3069 τὸν
1711 3024 1966 3083 βάρβαρον,
2024 3021 2152 3082 ἔργῳ
2202 3023 2254 3070 δὲ

1364 3089 1515 3135 ποιεῖν
1538 3087 1777 3148 διὰφόβον
1797 3088 1881 3145 τῆς
1894 3088 2039 3143 ἥττης
2061 3087 2251 3145 ἐκείνης,

1366 3153 1441 3199 καὶ
1466 3152 1650 3211 μακρὰν
1688 3149 1831 3199 οὕτως
1866 3151 2138 3207 ἀποστῆναι
2167 3151 2252 3208 τῆς

1359 3214 1609 3270 Ἑλλάδος,
1636 3212 1756 3262 ὥστε
1792 3216 2087 3272 πεντήκοντα
2118 3216 2256 3261 ναυσὶ

1366 3280 1620 3338 Περικλέα,
1671 3279 1750 3325 καὶ
1791 3280 2042 3339 τριάκοντα
2092 3277 2255 3335 μόναις

1367 3344 1632 3402 Ἐφιάλτην
1655 3343 1869 3389 ἐπέκεινα
1887 3342 2090 3389 πλεῦσαι
2106 3342 2251 3389 Χελι·

1367 3409 1539 3464 δονίων,
1568 3408 1646 3453 καὶ
1676 3408 1825 3465 μηδὲν
1852 3403 2009 3453 αὐτοῖς
2043 3407 2256 3454 ναυτικὸν

1369 3472 1640 3528 ἀπαντῆσαι
1681 3471 1812 3525 παρὰ
1843 3470 1938 3516 τῶν
1985 3471 2252 3531 βαρβάρων.

1368 3533 1421 3581 ἐν
1437 3536 1487 3582 δὲ
1507 3536 1603 3582 τοῖς
1629 3535 1931 3595 ψηφίσμασιν
1954 3533 1985 3580 ἃ
2011 3535 2257 3594 συνήγαγε

1370 3599 1621 3658 Κρατερός,
1683 3599 1954 3658 ἀντίγραφα
2022 3598 2259 3657 συνθηκῶν

1372 3663 1430 3711 ὡς
1489 3662 1748 3724 γενομένων
1785 3660 2253 3709 ἀντικατατέτακται.

2286 784 2395 842 273
