2667 4142
759 228 881 294 DE
937 227 1220 295 FALSA
1274 228 1797 296 LEGATIONE.
2085 235 2206 298 131

332 384 687 469 Ἀθηναίων
725 386 1116 476 συμμάχους,
1146 386 1258 451 οὐκ
1296 384 1599 465 ἐβούλετο
1638 391 1860 453 τοῦτον
1899 385 2211 471 ὀμωμοκέ-

333 516 437 554 ναι
481 492 593 555 τὸν
641 489 826 574 ὅρκον
870 487 1089 553 οὐδένα
1138 490 1264 553 τῶν
1305 488 1500 554 αὑτοῦ
1544 488 1903 577 συμμάχων
1949 487 2045 573 (οὗ
2085 488 2210 573 *γὰρ

331 590 505 678 αὐτῷ
560 589 1056 677 συστρατεύσειν
1112 589 1209 677 ἐφ’
1261 587 1306 654 ἃ
1361 594 1471 656 νῦν
1527 591 1662 677 ἔχει
1718 594 1843 657 τῶν
1899 590 2210 676 ὑμετέρων

186 712 300 771 177
333 693 606 775 ἔμελλον
641 692 789 758 ἀλλ’
825 693 984 774 ἕξειν
1022 692 1351 779 πρόφασιν
1388 692 1530 761 τοίς
1573 690 1833 775 ἕρκους),
1873 692 2013 758 οὐδὲ
2050 692 2207 778 μάρ·
2237 696 2347 754 160

333 823 526 880 τυρας
551 795 846 879 «γενέσθαι
876 797 1001 861 τῶν
1029 793 1446 884 ὑποσχέσεων
1475 793 1573 874 ἐφ’
1604 794 1704 865 αῖς
1734 793 2053 881 εὑρίσκετο
2091 803 2208 878 τήν

333 894 599 985 εἰρήνην,
648 897 793 964 οὐδὲ
838 902 1023 962 τοῦτο
1072 895 1397 983 δειχθῆναι
1441 900 1663 976 πᾶσιν,
1714 896 1810 962 ὅτι
1861 896 1973 962 οὐκ
2019 895 2117 985 ἄρ’
2168 899 2208 981 ἦ

330 1064 471 1114 idem
498 1063 797 1113 Schaeferus
818 1062 1031 1125 protulit
1055 1077 1118 1111 ex
1138 1063 1386 1112 Herodot.
1410 1078 1458 1112 v.
1485 1064 1577 1112 121
1601 1065 1821 1123 Καλλίης
1842 1083 1898 1113 τε
1918 1063 2014 1127 γὰρ
2035 1066 2208 1125 μοῦνος

334 1130 599 1188 ’Δθηναίων
644 1130 870 1177 ἁπάντων
911 1127 1091 1186 ἐτόλμα
1138 1131 1284 1178 κ.τ.λ.
1330 1128 1522 1176 nollem
1565 1128 1784 1177 factum:
1823 1128 2008 1177 diserte
2050 1133 2128 1178 καὶ
2163 1134 2207 1179 οὶ

330 1192 700 1252 ’Δλκμαιωνὶδαι
721 1207 765 1240 ο.
791 1193 884 1240 123
905 1191 1190 1251 respondet.
1247 1191 1422 1252 Neque
1444 1206 1561 1240 vero
1589 1192 1645 1239 in
1668 1192 1899 1253 Xenoph.
1924 1193 2201 1242 Memorab.

331 1271 392 1306 11.
416 1257 465 1315 6,
490 1258 550 1307 19
587 1256 741 1317 (quod
762 1256 887 1303 citat
910 1254 1000 1302 Vir
1027 1254 1368 1303 Doctissimus
1390 1256 1455 1304 ad
1476 1255 1627 1304 Dion.
1651 1255 1721 1303 Η.
1746 1255 1809 1304 de
1838 1257 2012 1318 Comp.
2053 1258 2199 1309 Verb.

329 1335 367 1382 p
401 1322 517 1377 409)
542 1320 719 1368 dubito
741 1319 866 1380 quin
888 1321 1003 1379 post
1028 1323 1134 1367 οὔτε
1154 1320 1253 1381 γὰρ
1275 1322 1383 1369 τοὺς
1405 1323 1632 1378 πονηροὺς
1660 1319 1753 1381 6ρῶ
1783 1318 1950 1381 φίλους
1977 1324 2203 1380 ἀλλήλας

331 1388 605 1442 δυναμένους
639 1387 766 1444 εἶναι,
790 1382 1031 1444 primitus
1062 1385 1302 1445 apoduein
1324 1383 1539 1445 scriptor
1576 1384 1795 1432 voluerit
1830 1385 1902 1433 sic
1937 1385 2199 1446 effingere:

332 1452 442 1497 οὔτε
477 1451 578 1523 τοῖς
621 1451 861 1526 χρηστοῖς*
881 1450 989 1498 τοὺς
1033 1450 1258 1530 tempo&
1296 1446 1700 1522 συναρμόττοντας
1742 1452 1808 1498 εἰς
1852 1451 2029 1523 φιλίαν.
2102 1449 2201 1525 Sed

330 1511 1499 1636 Bffffiff'stoemzxf.35¹3..2¹3,22;;3⁰5122330
1515 1513 2201 1626 {ffissssfisserssssuffivssssss

332 1642 464 1690 ἀλλά
495 1644 588 1700 μὴν
592 1678 708 1691 ......
716 1639 810 1689 οὐδ’
843 1640 906 1688 ἂν
914 1677 1029 1690 ......
1037 1639 1405 1702 συναρμόσειαν·
1455 1640 1609 1701 plane
1641 1642 1701 1688 ut
1742 1640 1799 1688 in
1836 1641 2047 1702 gemello
2088 1643 2200 1690 loco

331 1704 563 1766 Thucyd.
585 1719 656 1753 Vl.
680 1704 745 1751 44
799 1707 876 1753 καὶ
900 1705 1016 1766 πρός
1046 1721 1102 1752 τε
1129 1706 1235 1754 τοὺς
1262 1706 1505 1767 Ῥηγίνους
1540 1704 1710 1766 λόγους
1739 1707 2028 1764 ἐποιήσαντο
2035 1743 2150 1756 ......
2158 1709 2200 1755 οἱ

332 1770 386 1819 δὲ
420 1768 528 1817 οὐδὲ
564 1770 669 1828 μεθ’
700 1770 872 1830 ἐτέρων
911 1772 1100 1830 ἔφασαν
1144 1770 1353 1829 ἔσεσθαι,
1393 1768 1498 1817 ἀλλ’
1542 1771 1568 1816 ὅ
1606 1786 1654 1816 τι
1681 1768 1740 1816 ἂν
1783 1772 1862 1818 καὶ
1894 1772 1991 1820 τοῖς
2034 1770 2199 1820 ἄλλοις

330 1832 630 1883 Ἰταλιώταις
668 1833 865 1893 ξυνδοκῇ
901 1834 1047 1881 τοῦτο
1088 1834 1322 1891 ποιήσειν·
1378 1835 1420 1881 οὶ
1464 1834 1514 1881 δὲ
1553 1835 1667 1895 πρὸς
1700 1831 1777 1881 ταὶ
1823 1835 1873 1882 ἐν
1898 1834 1962 1895 τῇ
1998 1836 2198 1895 Σικελίᾳ

330 1898 597 1959 πράγματα
627 1895 861 1947 ἐσκόπουν
882 1914 970 1946 κ.τ.
981 1900 1028 1944 λ.
1051 1895 1139 1943 ubi
1162 1897 1278 1958 πρός
1298 1915 1355 1944 τε
1384 1898 1490 1946 τοὺς
1507 1897 1596 1954 “Ρ.,
1622 1895 1734 1958 πρός
1767 1915 1823 1945 τε
1861 1897 1922 1960 (s.
1955 1901 2032 1946 καὶ
2060 1898 2196 1961 πρὸς)

330 1962 393 2009 τοὶ
421 1964 471 2009 ἐν
499 1961 567 2022 τῇ
587 1963 645 2009 Σ.
672 1960 950 2021 scripturus
977 1959 1076 2007 fuit
1113 1959 1449 2021 Thucydiden,
1485 1960 1587 2008 nisi
1615 1964 1930 2022 parenthesis
1957 1961 2196 2010 interces-

331 2024 499 2073 sisset.
564 2024 631 2072 In
673 2025 803 2072 Plat.
839 2024 1038 2084 Protag.
1083 2025 1176 2074 317
1214 2024 1277 2084 D,
1321 2024 1578 2073 Phaedon.
1619 2024 1680 2073 63
1716 2024 1771 2082 0,
1817 2025 1968 2087 Gorg.
2015 2026 2110 2075 524
2151 2027 2196 2074 B

329 2087 510 2138 eadem
545 2102 698 2136 causa
725 2087 989 2149 prohibuit
1024 2087 1296 2147 quominus
1333 2106 1389 2136 τε
1394 2125 1510 2138 ......
1517 2091 1594 2137 καὶ
1626 2087 1761 2136 inter
1797 2104 1851 2137 se
1890 2090 2196 2138 examussim

328 2151 899 2213 responderent—rb
948 2152 1136 2212 πρῶτον
1186 2166 1285 2201 om.
1350 2151 1402 2200 S.
1445 2153 1541 2201 En.
1588 2152 1767 2202 Temo.
1816 2153 2195 2211 Dmn——utv

333 2217 474 2277 (ante
519 2213 812 2280 ἀπαλεῖψαι)
846 2230 946 2265 om.
997 2215 1048 2264 S.
1095 2215 1192 2264 El).
1241 2216 1820 2276 ΤῦΒΙσ.--’Δθηναίοις
1854 2231 1896 2266 Β.
1932 2217 2015 2266 Al.
2048 2216 2194 2293 Hpfl.

331 2294 597 2390 ’Aonvalae
632 2328 681 2379 k.
767 2328 888 2377 Mox
923 2328 1355 2390 τοῖς...συμμιίχοις
1392 2328 1449 2390 Q.
1502 2343 1545 2377 r.
1591 2343 1633 2379 s.
1676 2327 1759 2380 A².
1802 2330 1948 2378 Harl.
2033 2295 2190 2381 τοέἶς...
2242 2328 2252 2355 ⁸

529 2407 601 2436 ssve

330 2442 658 2505 συμμάχοις-Κ.
725 2441 952 2491 Praefert
977 2441 1261 2492 Sonans.
1339 2444 1376 2468 “
1391 2441 1522 2490 Sunt
1545 2441 1683 2491 enim
1702 2441 1831 2491 haec
1850 2443 2005 2492 verba
2023 2447 2195 2493 sumta

330 2521 360 2556 e
391 2507 614 2556 formula
649 2506 788 2567 pacis
816 2505 1007 2567 pariter
1045 2507 1104 2554 ut
1145 2506 1256 2564 illa,
1298 2509 1427 2565 πλὴν
1453 2507 1633 2555 Ἀλέων
1670 2509 1748 2555 καὶ
1790 2510 2002 2559 Φωκέων.
2073 2508 2105 2556 J
2107 2523 2193 2557 am

328 2586 447 2620 vero
466 2572 558 2620 illa
591 2570 647 2619 in
680 2570 899 2618 formula
919 2569 1081 2618 fuisse
1113 2569 1357 2626 dativum,
1380 2584 1486 2617 non
1522 2570 1880 2630 accusativum,
1916 2586 2022 2620 non
2049 2572 2192 2620 dubi-

331 2635 482 2696 tabis,
530 2634 576 2683 si
606 2634 880 2683 contuleris
914 2647 965 2694 p.
1005 2635 1119 2691 358,
1147 2634 1224 2683 26.
1264 2634 1375 2693 368,
1409 2636 1490 2682 22.
1550 2635 1662 2691 440,
1694 2634 1811 2685 25.”
1874 2637 1941 2683 In
1969 2638 2193 2697 formula

317 2702 483 2763 fuisse
506 2701 733 2747 dativum
764 2699 978 2746 constat.
1048 2697 1148 2746 Sed
1174 2698 1385 2745 omnino
1406 2697 1504 2748 vid.
1534 2699 1695 2747 Donn.
1738 2698 1825 2758 qui
1859 2698 1921 2747 de
1952 2698 2049 2747 hoc
2082 2700 2192 2747 loco

327 2764 522 2825 optime
569 2762 786 2811 meritus
829 2765 907 2810 est
948 2760 1026 2810 ita
1068 2763 1129 2809 ut
1171 2761 1303 2811 nihil
1357 2762 1463 2810 fere
1507 2762 1598 2810 alii
1647 2762 2047 2824 reliquerit.—-
2055 2767 2192 2823 ἔμελ-

325 2831 412 2878 λον
437 2827 490 2877 S.

421 2895 449 2952 g
471 2893 581 2943 177.
649 2892 760 2939 οὔτε
789 2890 932 2950 (ante
951 2888 1214 2952 μάρτυρας)
1235 2903 1412 2937 omnes
1445 2888 1579 2947 libri,
1604 2889 1737 2950 quod
1758 2904 1865 2938 non
1894 2888 2038 2939 video
2071 2905 2192 2952 quo-

322 2955 476 3004 modo
527 2957 757 3002 constare
804 2954 984 3014 possit,
1030 2953 1134 3001 nisi
1167 2967 1320 3013 supra
1369 2953 1453 3001 οὐκ
1490 2955 1715 3015 ἐβούλετο
1750 2958 1883 3003 οὔτε
1925 2954 2186 3004 rescribas.

325 3019 542 3070 Servant
573 3018 669 3068 En.
713 3019 893 3068 Temo.
931 3017 1101 3066 Vonu.
1142 3017 1252 3080 [qui
1285 3016 1419 3066 mira
1449 3016 1669 3079 quadam
1701 3016 1901 3066 ratione
1934 3019 2048 3067 vult
2086 3024 2196 3068 oon

321 3186 519 3246 allice!
549 3187 643 3235 not
665 3191 696 3215 “
716 3188 771 3234 to
803 3185 947 3234 write
969 3185 1115 3234 down
1148 3185 1207 3235 in
1305 3185 1490 3245 where,
1509 3185 1613 3235 had
1634 3186 1723 3236 the
1747 3186 1930 3236 Orator
1950 3190 2044 3236 not
2064 3187 2194 3238 been

322 3264 531 3315 express
572 3253 731 3299 terms
771 3252 850 3298 the
893 3252 1051 3299 words
1098 3256 1112 3279 ‘
1126 3252 1207 3299 for
1306 3250 1392 3299 led
1432 3250 1500 3311 by
1535 3250 1625 3299 the
1662 3251 1775 3299 love
1816 3252 1871 3299 of
1913 3251 2106 3313 change
2140 3254 2196 3301 of

322 3315 609 3367 Athenians
658 3313 762 3363 and
803 3313 940 3362 their
979 3314 1123 3363 allies
1136 3317 1204 3364 ’.”
1307 3315 1653 3363 construction
1709 3329 1767 3363 so
1821 3315 2007 3376 sought
2060 3317 2193 3365 after

323 3383 526 3440 Among
553 3377 702 3426 other
730 3378 993 3427 instances
1022 3376 1209 3439 quoted
1308 3377 1375 3439 by
1421 3377 1589 3426 Greek
1633 3378 1861 3437 authors,
1909 3379 1974 3428 he
2024 3382 2192 3430 would

323 3445 393 3508 hy
410 3443 628 3500 Dobree,
646 3441 694 3491 is
725 3442 817 3491 the
848 3456 968 3504 very
989 3441 1207 3502 striking
1306 3441 1439 3491 have
1477 3443 1679 3491 written
1710 3441 1813 3492 ἀντὶ
1844 3445 1932 3502 μὲν
1961 3444 2050 3494 τοῦ
2087 3448 2194 3496 “re

323 3520 538 3571 passage
571 3506 706 3554 from
743 3505 1013 3555 Timocrat.
1036 3519 1088 3566 p.
1113 3507 1207 3557 726
1307 3508 1502 3566 τίμημα.
1512 3506 1540 3529 ”

324 3577 352 3634 5
372 3574 435 3623 82
456 3572 651 3634 ’γράψας
674 3572 780 3620 ἀντὶ
798 3573 887 3628 μὲν
919 3572 1019 3619 τοῦ
1052 3572 1208 3629 τιμή·
1372 3573 1400 3629 §
1419 3571 1528 3622 177.
1594 3571 1669 3619 ὅτι
1707 3568 1792 3620 οὐκ
1843 3568 2188 3634 ὄρ’...ἥττητο]

323 3654 499 3697 ματος
536 3637 593 3683 τὸ
631 3637 865 3696 ἀργύριον,
898 3632 1004 3683 ἀντὶ
1038 3636 1090 3682 δὲ
1125 3636 1211 3682 τοῦ
1316 3633 1500 3682 “That
1520 3636 1567 3683 it
1592 3649 1739 3683 seems
1771 3636 1817 3684 it
1849 3649 1951 3683 was
1987 3642 2076 3686 not
2109 3639 2194 3685 the

329 3703 432 3752 “rb
479 3698 880 3763 γιγνόμενον”
946 3700 973 3747 ὁ
1028 3698 1209 3759 ὦφλεν·
1310 3712 1421 3746 case
1464 3698 1669 3763 (thouqh
1704 3712 1774 3749 we
1813 3699 1917 3748 had
1968 3701 2194 3761 expected

1857 3800 2021 3862 9—2
