2667 4142
463 219 549 294 '76
847 273 855 284 .
1081 207 1725 286 DEMOSTHENIS

462 391 721 459 ταύταις
749 392 888 457 ταῖς
926 386 1188 453 ἐλπίσιν
1216 384 1361 453 οὔτε
1391 384 1527 452 κατ’
1557 382 1769 473 ἀρχὰς·
1790 382 2205 466 ποιησάμενοι
2234 386 2350 464 τὴν

462 493 708 578 εἰρήνην
758 492 863 556 καὶ
906 492 1023 570 τὴν
1070 490 1460 578 συμμαχίαν,
1512 487 1641 554 οὔθ’
1691 487 1957 570 ὕστερον
2017 487 2347 572 ἐγγράψαι

457 591 822 662 πεισθέντες
873 590 965 660 ,εἷς
1023 590 1215 670 αὐτὴν
1271 591 1381 656 καὶ
1438 594 1594 658 τοῖς
1652 585 2005 670 ἐιγγόνοις,
2065 585 2213 651 ἀλλ’
2265 588 2343 658 ὥς

461 692 761 774 θαυμάσι’
809 691 1001 769 ἡλίκα
1048 693 1410 774 πεισόμενοι
1460 691 1562 756 διὰ
1614 688 1867 760 τούτους
1919 688 2148 771 ἀγαθά.
2239 692 2346 757 καὶ
2371 700 2444 754 99

458 820 585 873 μην
642 793 749 859 καὶ
804 795 966 875 μετὰ
1020 798 1222 858 ταῦτα
1280 792 1500 862 ὁσάκις
1552 792 1708 876 πρὸς
1769 792 2064 877 Πορθμῷ
2098 791 2137 872 ἦ
2191 794 2346 878 πρὸς

461 894 784 981 Μεγάροις
816 894 1140 965 ἀκούοντες
1171 893 1431 976 δύναμιν
1472 892 1815 957 Φιλίππου
1839 892 1945 957 καὶ
1976 893 2184 974 ξένους
2213 893 2345 964 ἐθο-

355 997 360 1003 ’
458 993 778 1084 ρυβεῖσθε,
825 995 1054 1066 πάντες
1099 989 1467 1061 ἐπίστασθε.
1557 1020 1630 1058 ου
1673 1011 1878 1058 τοινυν
1919 994 1974 1060 εἰ
2007 993 2199 1074 μήπω
2235 999 2346 1062 τὶἶς

458 1098 753 1179 Ἀττικῆς
804 1097 1152 1176 ἐπιβαίνει·
1171 1096 1267 1162 δεῖ
1310 1099 1577 1161 σκοπεῖν
1628 1094 1767 1159 οὐδὲ
1824 1097 2143 1181 ῥαθυμεῖν,
2195 1092 2344 1159 ἀλλ’

460 1203 520 1269 εἰ
559 1201 666 1267 διὰ
705 1200 959 1271 τούτους
1004 1202 1261 1283 ἐξουσία
1298 1197 1554 1282 «γέγονεν
1589 1197 1760 1283 αὐτῷ
1797 1197 1965 1262 τοῦθ’
2010 1195 2160 1262 ὅταν
2191 1201 2343 1278 βού-

459 1316 654 1386 ληται
702 1309 990 1384 ποιῆσαι,
1035 1302 1203 1369 τοῦθ’
1250 1302 1422 1389 ὁρᾶν,
1471 1302 1579 1367 καὶ
1616 1301 1772 1385 πρὸς
1812 1300 2006 1365 ἐκείνο
2044 1301 2117 1365 τὸ
2151 1299 2345 1365 δεινὸν

311 1418 435 1497 369
459 1408 747 1485 βλέπειν,
795 1407 901 1471 καὶ
951 1405 1058 1471 τὸν
1100 1405 1303 1469 αἴτιον
1360 1403 1469 1468 καὶ
1526 1402 1535 1488 Ι
1588 1401 2173 1487 παρασκευάσαντα
2231 1402 2345 1481 τὴν

385 1571 388 1580 ,
461 1508 752 1590 ἐξουσίαν
781 1507 1014 1587 ταύτην
1044 1507 1252 1591 ἐκείνῳ
1280 1509 1491 1588 μισεῖν
1522 1504 1629 1569 καὶ
1657 1506 2084 1591 τιμωρεῖσθαι.

557 1770 583 1828 5
604 1767 683 1815 98.
750 1765 872 1814 Post
897 1766 1096 1824 ἐλπίσιν,
1125 1766 1230 1813 οὐδὲ
1252 1763 1301 1812 S.
1321 1766 1374 1812 et
1395 1779 1470 1825 pr.
1496 1764 1556 1811 Y.
1614 1714 1721 1813 οὔξε
1740 1765 1795 1813 F.
1799 1766 2199 1815 -η-πεισθέντες
2221 1767 2347 1825 αὐτῇ

458 1830 625 1880 Bau.
651 1844 713 1880 ex
747 1829 879 1891 conj.
911 1828 1202 1876 Marklandi
1238 1829 1309 1890 (et
1326 1829 1447 1877 infr.
1471 1831 1535 1889 τῇ
1568 1830 1726 1890 εἰρήνῃ
1759 1844 1808 1890 p.
1829 1830 1972 1889 4405
1998 1831 2130 1890 355).
2198 1829 2342 1880 Libri

464 1894 612 1953 αὐτήν
657 1893 846 1942 omissa
888 1892 1278 1954 praepositione.
1346 1893 1827 1943 VonM.B131m.st.
1897 1892 2151 1953 Quoniam
2190 1907 2342 1953 supra

461 1974 512 2020 p.
536 1961 630 2007 353
648 1962 674 2018 ἕ
691 1959 753 2006 45
780 1961 841 2006 εἰς
864 1964 951 2015 τὴν
972 1959 1207 2019 προτέραν
1228 1957 1420 2019 γράψας
1443 1945 1703 2016 ἐπιστολήν
1723 1959 1773 2005 et
1795 1972 1844 2018 p.
1871 1958 2004 2017 3565
2021 1958 2085 2006 54
2108 1960 2344 2019 ἐγγράφει

462 2023 592 2072 τοῦτ’
618 2026 681 2071 εἰς
702 2024 760 2071 ro*
794 2022 1023 2084 ψήφισμα
1043 2023 1336 2069 constanter
1359 2021 1604 2081 praebent
1628 2021 1783 2069 Godd.
1808 2023 1860 2069 et
1882 2021 2030 2069 facile
2054 2026 2118 2071 εἰς
2139 2023 2296 2082 post·
2280 2040 2345 2071 -ες

463 2087 634 2149 potuit
666 2086 909 2142 excidere,
949 2084 1110 2133 malui
1139 2098 1256 2132 oum
1290 2084 1801 2136 En.Tumc.Dm1>.
1839 2088 1889 2134 et
1925 2086 2085 2134 Dona.
2129 2087 2342 2134 alteram

465 2150 755 2199 Marklandi
798 2150 1144 2207 conjecturam
1190 2148 1425 2209 arripere.
1591 2149 1668 2197 De
1712 2150 1920 2207 ἐκγόνοις
1961 2163 2007 2209 q.
2056 2148 2177 2198 hab.
2245 2152 2334 2198 En.

466 2216 648 2264 Tmuc.
684 2212 1220 2262 D1ND.V0EM.B1·.·KK.
1245 2215 1310 2262 st.
1334 2212 1449 2261 Vid.
1473 2213 1600 2274 553.
1648 2213 1833 2262 Fateor
1869 2212 1954 2261 hio
1992 2212 2200 2261 nonnisi
2236 2217 2340 2261 tres

466 2278 620 2329 Codd.
658 2279 872 2341 ἐγγόνοις
893 2276 1151 2338 praebere.

564 2344 690 2404 599.
682 2298 837 2391 ΎὙκαὶ
865 2344 957 2401 μὴν
990 2340 1110 2405 [καὶ]
1139 2340 1307 2390 anz.
1350 2355 1450 2387 om.
1473 2340 1524 2388 k.
1549 2354 1590 2388 s.
1624 2340 1788 2390 anx.
1821 2341 1885 2389 st.
1951 2314 2172 2390 Causam
2192 2340 2338 2389 uncis

465 2406 763 2456 includendi
810 2420 917 2453 non
970 2405 1134 2460 video,
1190 2404 1381 2452 nedum
1413 2403 1631 2453 delendi.
1636 2407 1823 2455 -ὡς
1867 2408 2170 2468 ἐθορυβεῖσθε
2213 2405 2336 2454 Ven.

466 2471 609 2521 Harl.
655 2469 804 2529 Aug&
853 2470 1035 2517 Rmsx.
1109 2468 1283 2529 Neque
1328 2468 1581 2530 displicet,
1626 2469 1671 2517 si
1714 2469 2113 2529 astipularentur
2149 2469 2334 2530 plures.

465 2536 615 2595 Vulg.
661 2536 781 2582 ante
824 2534 1005 2579 Rmsx.
1044 2535 1325 2592 ἐθορυβεῖτε,
1389 2532 1523 2593 quod
1575 2532 1722 2580 tenui
1759 2548 1818 2581 ae
1851 2533 1998 2581 nulla
2039 2534 2340 2581 auctoritate

464 2600 667 2649 nititur.
725 2598 845 2645 Mox
862 2599 1086 2660 ῥαθυμεῖν
1108 2596 1271 2645 ΒΕΚΚ.
1297 2598 1370 2659 [et
1399 2598 1486 2658 st.]
1508 2598 1881 2647 Duum—rev
1911 2596 2343 2660 παρασκευάσαντα

460 2786 654 2834 thenes.
790 2780 1056 2837 emundata:
1104 2785 1182 2831 ἐπὶ
1206 2783 1360 2832 καλοῦ
1453 2781 1647 2830 Arnold
1669 2795 1725 2829 so
1745 2781 1858 2830 well
1885 2781 2158 2830 translates
2181 2781 2340 2829 Thuo.

461 2851 642 2897 τέθεικε
661 2850 749 2906 τὴν
770 2850 908 2906 λέξιν.
977 2847 1193 2895 Unum.
1247 2847 1354 2895 But
1452 2861 1502 2894 v.
1529 2846 1602 2895 65.
1661 2846 1950 2905 PortthS,
1980 2860 2011 2893 a
2031 2847 2167 2893 town
2212 2847 2340 2894 Har-

463 2912 709 2971 θαυμσίσια
761 2911 815 2959 is‘
860 2913 952 2959 not
1003 2910 1177 2972 joined
1229 2910 1354 2958 with
1452 2910 1662 2973 poerat.)
1704 2924 1761 2958 or
1799 2909 1997 2957 district
2023 2908 2079 2957 in
2115 2910 2198 2957 Eu
2233 2924 2339 2958 oea.

464 2976 645 3039 ἀγαθοί,
694 2975 784 3023 but
829 2976 988 3034 ἡλίκα,
1038 2988 1095 3022 as
1137 2974 1182 3022 is
1236 2975 1353 3023 well
1454 2974 1631 3035 Oomp.
1676 2973 1738 3022 de
1773 2974 1954 3022 Coron.
1992 2988 2043 3035 p.
2076 2975 2173 3022 248
2213 2978 2239 3033 5
2281 2975 2340 3023 71

461 3042 646 3090 known
667 3042 723 3087 to
744 3040 833 3087 the
872 3038 1072 3087 readers
1106 3038 1159 3086 of
1190 3039 1351 3100 Plato,
1454 3037 1564 3087 ἀλλ’
1598 3040 1623 3088 ὁ
1658 3041 1746 3097 τὴν
1781 3040 1985 3092 Εὔβοιαν
2016 3038 2185 3087 ἐκεῖνος
2228 3045 2340 3096 σφε-

463 3121 507 3155 e.
527 3119 572 3166 g.
614 3104 786 3166 Symp.
813 3105 904 3153 217
929 3103 972 3150 A
1004 3104 1225 3162 ἐφρόνουν
1257 3106 1354 3164 ’γὰρ
1450 3104 1737 3164 τεριζόμενος
1759 3106 1837 3151 καὶ
1852 3102 2212 3162 κατασκευάζων
2243 3102 2340 3150 ἑπι-

466 3172 522 3228 δή
558 3169 637 3218 ἐπὶ
679 3171 742 3231 τῇ
789 3170 887 3230 ὥρᾳ
918 3167 1177 3224 θαυμάσιον
1220 3169 1343 3217 ὅσον.
1446 3171 1680 3229 ,τείχισμα
1722 3166 1803 3215 ἐπὶ
1843 3170 1933 3225 τὴν
1978 3168 2219 3226 Ἀττικήν,
2266 3169 2343 3214 καὶ

466 3234 560 3283 See
595 3232 779 3281 Matth.
829 3232 919 3278 Gr.
966 3232 1053 3280 Gr.
1098 3235 1125 3291 5
1168 3232 1264 3280 445
1308 3246 1351 3279 o.
1455 3231 1699 3293 Μεγάροις
1753 3230 2019 3293 ἐπιχειρῶν,
2066 3234 2142 3279 καὶ
2199 3249 2340 3278 κατα-

465 3298 641 3358 Gomp.
667 3298 785 3357 527.
842 3295 935 3343 We
958 3295 1140 3343 should
1161 3310 1252 3343 use
1286 3310 1354 3343 an
1453 3296 1714 3359 λαμβάνων
1735 3296 1911 3358 ’,Ωρεόν
1951 3297 2028 3344 καὶ
2062 3293 2342 3343 κατασκάπ-

464 3361 677 3410 adverb:
711 3360 1040 3421 wondersally
1064 3362 1352 3419 (inconceiv-
1453 3378 1548 3407 των
1604 3362 1840 3422 Πορθμόν,
1881 3374 1962 3409 111.
2008 3358 2228 3419 Philipp.
2287 3372 2339 3418 p.

465 3428 601 3487 ably,
624 3425 1071 3485 extraordinarily)
1092 3430 1247 3483 yreat.
1455 3425 1548 3473 119
1572 3426 1596 3483 5
1617 3427 1696 3482 33,
1720 3423 1823 3473 and
1855 3423 2002 3474 Auet.
2028 3437 2093 3472 ιν.
2119 3422 2339 3483 Philipp.

530 3489 655 3545 599.
694 3487 971 3544 Moreover‚
997 3488 1211 3534 likewise
1236 3488 1354 3547 (καὶ)
1453 3502 1501 3549 p.
1554 3489 1647 3536 133
1684 3459 1714 3548 ’5
1756 3489 2011 3537 8.--καὶ
2044 3486 2340 3549 παρασκευαί·

466 3552 597 3601 after
618 3551 721 3599 this
744 3551 894 3611 panio
915 3565 1017 3598 was
1037 3550 1203 3598 blown
1219 3565 1354 3599 over.
1453 3553 1627 3614 σαντα]
1702 3552 1754 3600 Is
1805 3551 1896 3600 the
1946 3550 2123 3600 article
2164 3550 2212 3600 is
2265 3564 2339 3598 re-

465 3615 968 3678 .--ἐθορυβεΐσθε]ι
975 3617 1104 3675 ‘you
1133 3628 1261 3662 were
1299 3616 1356 3662 in
1453 3616 1645 3673 tained,
1667 3617 1943 3665 translate.
1979 3614 2118 3663 ‘the
2141 3613 2342 3701 author,

461 3695 499 3730 a
541 3683 671 3729 state
714 3680 769 3728 oi
810 3677 1244 3728 bewildermc-utffl
1301 3693 1358 3728 as
1447 3695 1547 3743 aye
1560 3679 1651 3730 the
1668 3679 1925 3730 furnisher
1937 3679 1991 3728 of
2007 3678 2113 3729 this
2128 3677 2342 3743 power.''
