2667 4142
729 211 849 277 DE
906 210 1188 279 FALSA
1244 212 1764 278 LEGATIONE.
2052 218 2176 280 147

311 363 465 429 κότα
508 363 685 429 ἀλλὰ
723 363 1130 451 φενακίσανθ’
1168 363 1178 452 Ι
1217 363 1398 446 ὑμᾶς,
1435 364 1714 451 μάρτυσι
1756 369 1887 434 τοῖς
1925 392 2176 448 γεγενη·
2205 389 2330 456 397

308 465 511 545 μένοις
570 463 792 543 αὐτοῖς,
845 464 917 530 οὐ
964 466 1177 548 λόγοις
1226 464 1559 552 χρώμενος.
1649 464 1937 548 ἐπέδειξα
1979 467 2178 533 αἴτιον
2209 477 2316 548 178

309 564 714 647 «γεγενημένον
751 570 866 632 τοῦ
901 566 989 648 μὴ
1019 564 1247 632 ’θέλειν
1285 565 1446 647 ὑμᾶς
1479 565 1721 632 ἀκούειν
1750 568 1902 649 ἐμοῦ
1930 566 2176 647 τάληθῆ

308 670 448 736 ταῖς
493 665 896 753 ὑποσχέσεσι
947 667 1056 732 καὶ
1104 672 1234 736 τοῖς
1285 666 1733 749 ἐπαγγέλμασι
1783 673 1911 738 τοῖς
1955 668 2181 734 τούτου

311 767 832 852 καταληφθέντας
903 767 1063 846 τότε,
1129 768 1342 833 πάντα
1413 768 1714 834 τάναντία
1783 770 2180 849 συμβουλεύ-

182 899 282 958 197
312 897 518 935 σαντα
555 867 596 949 ἢ
638 868 778 944 ἔδει,
825 869 931 935 καὶ
970 874 1048 953 τῇ
1086 870 1202 952 μὲν
1237 874 1364 936 τῶν
1410 870 1768 959 συμμάχων
1808 870 2182 937 ἀντειπόντα

312 972 541 1058 εἰρήνῃ,
572 975 650 1056 τῇ
688 970 758 1036 δὲ
793 973 1228 1056 Φιλοκράτους
1262 970 1832 1054 συναγορεύσαντα,
1864 970 2004 1042 τοὺς
2031 973 2182 1058 χρό-

312 1100 453 1144 νους
503 1071 1009 1159 κατατρίψαντα,
1058 1070 1157 1137 ἵνα
1198 1070 1341 1154 μηδ’
1387 1071 1442 1136 εἰ
1482 1071 1831 1149 βούλοισθε
1886 1070 2182 1138 δύναισθε

314 1164 591 1257 ἐξελθεῖν
648 1175 735 1245 εἰς
792 1174 1065 1251 Φωκέας,
1117 1173 1224 1239 καὶ
1275 1172 1453 1237 ἄλλα
1510 1173 1617 1237 ἐπὶ
1665 1176 1778 1251 τῆς
1829 1169 2183 1253 ἀποδημίας

314 1274 535 1340 πολλὰ
590 1276 699 1341 καὶ
756 1274 925 1340 δεινὰ
981 1273 1407 1361 εἰργασμένον,
1458 1271 1896 1360 προδεδωκότα
1950 1275 2181 1351 πάντα,

318 1430 393 1477 ὀὲν
432 1427 776 1502 ᾳῖ--αἰτίον
823 1440 923 1477 om.
973 1439 1051 1487 pr.
1095 1424 1452 1476 8.-’θέλειν
1500 1439 1618 1473 cum
1661 1425 1758 1474 En.
1797 1425 1978 1475 Teme.
2028 1426 2180 1475 hodie

317 1506 343 1540 r
407 1506 464 1540 os

344 1506 437 1616 θΡς
461 1506 570 1605 1197.
637 1552 796 1603 Crede
828 1553 1052 1613 Cobetio‚
1080 1552 1304 1602 mutabis
1338 1553 1754 1616 συναγορεύσοντα,
1788 1555 2180 1616 (Graeculorum)

318 1617 373 1667 in
416 1616 696 1668 συνειπόντα
743 1619 1094 1678 (Graecorum).
1190 1616 1320 1680 (Vid.
1371 1618 1490 1665 Var.
1526 1618 1664 1667 Lect.
1702 1633 1754 1679 p.
1799 1620 2009 1676 85-39,
2048 1619 2179 1667 Nov.

318 1683 452 1733 Lect.
492 1697 545 1744 p.
570 1685 678 1744 778,
708 1684 819 1740 779,
842 1681 1003 1746 alibi.)
1072 1681 1204 1730 Sane
1237 1680 1296 1728 111
1328 1680 1542 1743 ἀγορεύω
1577 1683 1647 1742 (et
1672 1683 1970 1745 compositis)
2000 1682 2183 1732 Graeci

318 1750 509 1796 veteres
544 1747 644 1808 ἐρῶ,
686 1748 828 1807 εἶπον,
875 1748 1052 1807 εἴρηκα,
1092 1748 1291 1807 εἴρημαι,
1344 1748 1603 1804 εἰρήσομαι,
1642 1747 1853 1809 έῤῥήθην,
1899 1748 2177 1809 ῥηθήσομαι,

319 1813 465 1874 ῥῆσις,
498 1811 651 1874 ῥητός,
685 1812 864 1884 ῥητέον,
900 1811 1148 1858 lubentius
1179 1809 1415 1858 dixerunt
1455 1824 1609 1870 quam
1644 1813 1818 1871 ἀγορει
1818 1827 1901 1870 σω
1944 1810 2182 1873 ἠγόρευσα

319 1894 361 1924 κ.
370 1893 413 1922 τ.
418 1879 467 1923 λ.
533 1875 656 1922 Ρ1118
686 1874 901 1933 largior;
937 1872 1136 1922 fateor
1120 1888 1176 1921 m
1208 1874 1381 1921 Nostr.
1406 1873 1468 1921 de
1491 1873 1669 1923 Coton.
1698 1873 2013 1937 ἀναγορεῦσαι
2050 1878 2112 1936 (8.
2128 1889 2173 1948 g.

320 1953 370 1999 p.
405 1939 501 1987 265
536 1940 563 1996 ἓ
591 1937 722 2001 115),
758 1937 1109 2000 ἀναγορεύσεως
1141 1940 1209 2000 (p.
1249 1938 1343 1986 253
1382 1941 1408 1998 ὃ
1441 1938 1543 2000 84),
1578 1938 1790 1987 nonnisi
1841 1939 1898 1986 111
1931 1938 2181 2000 suspectis

320 2001 687 2067 Psophismatis
720 2002 890 2050 locum
922 2001 1179 2060 obtinere;
1230 2001 1523 2063 αἰναῤῥήσεως
1567 2003 1632 2066 (Ρ.
1670 2003 1814 2061 244ἕ
1846 2002 1947 2066 58),
1984 2001 2180 2066 ἀναῤῥη-

322 2069 482 2117 θέντος
516 2067 582 2127 (Ρ.
606 2066 701 2114 253
732 2069 759 2127 ὃ
794 2067 890 2124 83),
923 2064 1163 2128 ἀναῤῥηθῇ
1194 2064 1260 2129 (Ρ.
1287 2066 1381 2116 267
1404 2069 1431 2126 ἓ
1455 2066 1580 2127 120),
1620 2081 1792 2116 veram
1828 2068 2057 2116 Oratoris
2088 2068 2183 2116 lin·

320 2144 472 2190 guam
502 2130 754 2191 praebere.
825 2130 963 2178 Num
991 2130 1235 2178 continuo
1267 2144 1395 2190 quas
1427 2130 1617 2179 formas
1649 2133 1889 2180 uberrime
1932 2134 2184 2193 usurpant

322 2193 655 2252 “Graeculi,”
676 2193 950 2242 “Graeci'’
971 2209 1223 2255 nunquam
1242 2197 1615 2255 usurpaverunt
1629 2200 1650 2243 ?
1685 2197 1860 2253 Scinli,
1881 2197 2179 2255 Mayistelli,

319 2229 698 2318 Ludimayis’tri,
733 2257 925 2305 formas
961 2271 1078 2305 suas
1113 2258 1296 2307 saltem
1327 2257 1385 2305 in
1416 2259 1598 2306 Poetae
1636 2272 1741 2305 non
1783 2258 2181 2307 inculcaverant.

321 2321 456 2382 Quid
487 2321 647 2370 facias
673 2322 952 2382 Aeschyleo
987 2325 1370 2382 προσηγορεύθης
1399 2323 1431 2380 ἡ
1469 2324 1577 2371 Διὸς
1608 2324 1767 2382 κλεινὴ
1800 2322 1954 2385 δάμαρ
1993 2323 2177 2383 (Prom.

319 2384 382 2434 V.
427 2385 575 2447 834).⁹
640 2385 889 2446 Exempla
938 2385 1116 2445 collegi
1146 2386 1356 2434 rarioris
1400 2386 1594 2433 formae
1640 2400 1702 2433 ex
1736 2388 1922 2434 Atticis
1961 2386 2185 2446 amplius

323 2448 556 2499 sedecim.
629 2448 731 2499 Sed
772 2448 947 2497 lectori
991 2463 1159 2510 parco,
1228 2449 1476 2510 Quicquid
1526 2449 1821 2511 hujusmodi
1861 2450 1919 2497 in
1962 2452 2184 2511 pedestri

321 2516 545 2562 oratione
593 2512 642 2561 18
644 2514 793 2574 gitur,
832 2512 1067 2561 videlicet
1115 2515 1297 2562 Sciolis
1334 2513 1556 2563 debetur.
1628 2513 1882 2574 Equidem
1917 2513 2184 2563 Cobetium

320 2576 620 2637 iamdudum
642 2576 862 2638 suspicio
882 2576 1218 2637 maximisque
1250 2577 1404 2625 effero
1434 2577 1685 2627 laudibus,
1756 2577 2026 2625 Neminem
2045 2577 2186 2626 enim

324 2641 573 2689 sermonis
620 2640 802 2689 Graeci
832 2641 1158 2701 proprietatis
1203 2641 1498 2701 peritiorem
1531 2641 1619 2702 qui
1651 2640 1803 2690 hodie
1834 2641 1963 2689 vivit
1995 2641 2184 2703 judice.

325 2703 425 2753 Sed
472 2705 538 2753 ad
581 2703 681 2753 viri
726 2704 1009 2753 doctissimi
1053 2703 1280 2764 κακόηθες
1324 2704 1517 2765 glossas
1562 2705 1867 2753 emblemata
1919 2704 2178 2765 odorandi,

324 2770 414 2816 aut
468 2768 639 2829 siquid
682 2771 891 2831 parcius
945 2768 1128 2817 Graeci
1179 2770 1375 2816 veteres
1429 2768 1740 2830 scripserunt
1793 2768 1923 2817 illud
1963 2768 2187 2818 librariis

322 2847 507 2946 {emper
530 2832 856 2958 Aimffltanzipn
879 2832 1141 2943 {ategrm
1084 2846 1166 2880 me
1201 2831 1406 2944 quiggm
1437 2832 1823 2946 Ziorinaccedzre
1841 2896 1919 2946 A2
1954 2836 2190 2944 ficum&

398 2911 426 2943 r
465 2910 490 2945 8
841 2900 894 2944 οὐ
930 2914 984 2945 εσ
1015 2914 1039 2944 ε
1071 2900 1154 2956 nm.
1347 2914 1434 2955 νησ
1468 2914 1491 2944 ε
1603 2911 1629 2943 1·
1672 2910 1697 2944 8
2142 2913 2180 2947 r.

324 2959 433 3062 ngi
463 2961 691 3009 faverent
723 2960 869 3011 MSS.
908 2960 1141 3021 legerem,
1174 2958 1335 3009 οὐκουν
1368 2960 1398 3009 ἃ
1445 2959 1723 3022 ὑπεσχόμην
1765 2963 1815 3010 ἐν
1851 2960 1997 3024 ἀρχῇ,
2041 2960 2187 3010 πάντ’

326 3074 497 3123 ἀπεδ.”
558 3073 721 3123 Domi.
807 3072 906 3123 Sed
940 3072 1115 3120 nullus
1163 3071 1283 3121 Cod.
1330 3073 1484 3132 favet,
1530 3075 1582 3121 et
1623 3072 1800 3121 fortior
1837 3073 1951 3122 lect.
1997 3075 2188 3135 vulgat.

331 3139 366 3162 “
382 3136 637 3198 Equidem
657 3136 789 3185 mihi
809 3136 977 3198 ipsum
998 3137 1398 3185 Demosthenem
1416 3137 1587 3185 audire
1608 3137 1814 3186 videbor
1830 3138 1918 3185 ubi
1943 3138 2190 3198 scriptum

325 3201 421 3250 erit
450 3201 557 3250 ἅτθ’
595 3203 872 3264 ὑπεσχόμην
914 3203 965 3251 ἐν
1008 3202 1132 3264 ἀρχῇ
1175 3201 1308 3257 ταῦτ’
1351 3199 1612 3262 ἐπέδειξα.”
1674 3201 1848 3251 Cobet.
1881 3202 2005 3252 Nov.
2044 3203 2184 3253 Leet.

325 3351 470 3412 given
500 3350 569 3411 by
602 3350 731 3400 Plat.
773 3348 987 3399 Phaedr.
1033 3350 1126 3400 267
1159 3350 1206 3397 D
1302 3351 1644 3413 χων...εἰρήνῃ]
1678 3354 1709 3379 “
1725 3349 1833 3399 The
1852 3363 2004 3411 peace
2024 3350 2192 3400 which

326 3416 378 3462 of
409 3415 628 3465 ἐπάνοδος
659 3414 736 3478 (01·
767 3416 1209 3475 ἀνακεφαλαίωσις),
1305 3414 1394 3462 the
1417 3415 1561 3463 811188
1594 3413 1785 3462 wished
1806 3416 1861 3462 to
1889 3413 1952 3462 be
1988 3414 2188 3463 made.”

324 3494 489 3540 recapt
476 3480 721 3528 tutation.
859 3480 1204 3539 ὑποσχέσεσι...
1304 3478 1425 3534 Not,
1449 3477 1574 3526 with
1598 3477 1863 3529 Schaefer:
1889 3483 1921 3505 ‘⁸
1942 3478 2192 3527 formulae

427 3495 688 3604 peziano-c]
755 3541 849 3590 See
906 3542 1093 3603 Saupp.
1142 3555 1211 3590 on
1305 3541 1556 3603 pactionis
1596 3555 1725 3603 quae
1773 3541 1936 3590 socios
1989 3543 2192 3589 nostros

328 3545 607 3668 imf’tsslipp.
631 3619 680 3666 p.
707 3607 783 3654 14.
1306 3606 1771 3666 complecteretur.”
1840 3606 1934 3655 See
1963 3618 2030 3652 on
2061 3606 2190 3666 §16.

328 3621 498 3722 397.
555 3671 583 3729 ἓ
606 3670 716 3722 197.
782 3671 884 3733 τῇ..
892 3672 1006 3720 ,τῶν
1029 3667 1209 3729 συμμά·
1304 3672 1509 3719 -ἵνα
1528 3670 1637 3732 μηδ’
1662 3670 1787 3731 εἰ...]
1827 3668 2002 3730 Gomp.
2028 3673 2055 3730 ἓ
2076 3669 2188 3719 371.

1815 3769 2019 3830 10-2
