2667 4142
448 195 536 257 γ22
1067 195 1707 263 DEMOSTHENIS

452 350 806 434 Κτησίφων
833 350 937 418 καὶ
968 352 1002 415 ὁ
1044 352 1499 437 Ἀριστόδημος
1538 352 1932 436 ἀπήγγειλαν
1958 354 2114 438 πρὸς
2143 356 2316 438 ὑμᾶς,

348 491 357 504 ι
448 452 556 516 καὶ
598 451 759 534 μετὰ
798 452 990 531 ταῦθ’,
1042 452 1146 518 ὅτε
1195 453 1307 534 τὴν
1360 453 1604 536 εἰρήνην
1650 455 1982 534 ἐποιεῖσθε,
2044 454 2085 519 ἃ
2142 457 2320 529 οὗτος

347 967 416 1022 19

446 553 887 637 ἐδημηγόρησε,
930 555 1035 618 καὶ
1079 555 1163 624 εἰς
1208 553 1251 618 ἃ
1291 554 1622 643 προήχασι
1656 555 1768 634 τὴν
1795 556 2003 632 πόλιν,
2036 557 2143 621 καὶ
2170 560 2317 644 περὶ

446 659 572 720 τῶν
619 654 987 720 ὑπολοίπων
1042 659 1264 739 (ταῦτα
1307 656 1359 721 δ’
1390 656 1467 739 ἦν
1511 660 1752 728 Φωκεῖς
1794 659 1900 723 καὶ
1945 660 2183 744 Πύλαι)
2230 660 2316 743 μὴ

444 756 758 844 προέσθαι
788 758 1247 836 συνεβούλευον
1274 759 1432 842 μηδὲ
1461 759 1661 826 ταύτιὶ
1686 761 1927 838 παθεῖν,
1958 762 2100 844 μηδ’
2130 761 2315 847 ἀναρ·

445 858 751 937 τωμένους
808 858 1069 925 ἐλπίσιν
1127 861 1198 941 ἐξ
1253 860 1529 925 ἐλπίδων
1561 861 1690 925 [καὶ
1746 860 2178 950 ὑποσχέσεσιν
2228 863 2315 934 εἰς

439 956 803 1045 τοῦσχατον
860 959 1066 1025 ἐλθεῖν
1122 961 1206 1025 τοὶ
1260 961 1581 1046 πράγματ’
1641 964 1839 1028 ἐᾶσαι.
1915 963 2021 1028 καὶ
2084 963 2311 1029 ἔπεισα

295 1062 417 1128 347
444 1061 644 1122 ταῦτα
687 1059 802 1139 τὴν
845 1061 1109 1141 βουλήν.
1151 1063 1162 1146 Ι
1199 1062 1413 1142 ἐπειδὴ
1460 1062 1527 1127 δὲ
1577 1061 1723 1142 ἧκεν
1766 1062 1806 1144 ἦ
1855 1062 2165 1142 ἐκκλησία
2206 1066 2312 1132 καὶ
2340 1094 2407 1133 21

338 2094 410 2134 20

441 1155 599 1240 πρὸς
656 1158 815 1240 ὑμᾶς
872 1159 996 1225 ἔδει
1051 1161 1280 1242 λέγειν,
1332 1161 1670 1245 παρελθὼν
1726 1163 2038 1252 Αἰσχίνης
2097 1163 2313 1231 οὑτοσὶ

446 1262 695 1345 πρῶτος
724 1259 900 1343 ἡμῶν
943 1261 1241 1329 ἁπάντων
1290 1265 1420 1347 (καὶ
1462 1263 1618 1350 πρὸς
1661 1264 1808 1334 Διὸς
1852 1265 1957 1329 καὶ
1992 1265 2146 1329 θεῶν
2174 1292 2311 1332 πει-

438 1360 641 1441 ρᾶσθε
663 1361 1295 1445 συνδιαμνημονεύειν,
1317 1363 1395 1428 ἂν
1416 1363 1620 1444 ἀληθῆ
1643 1365 1827 1445 λέγω·
1856 1364 1939 1430 τιὶ
1958 1366 2079 1452 γὰρ
2098 1367 2311 1432 πάντα

439 1460 521 1526 τὰ
548 1464 896 1547 πράγματα
922 1466 1330 1548 λυμηνάμενα
1360 1465 1529 1548 ὑμῶν
1551 1467 1658 1532 καὶ
1684 1466 2129 1555 διαφθείραντα
2149 1468 2310 1541 ὅλως

441 1563 615 1628 ταῦτ’
648 1563 823 1629 ἐστὶν
852 1563 991 1647 ἤδη)
1028 1568 1139 1630 τοῦ
1179 1566 1297 1646 μὲν
1326 1563 1758 1647 ἀπαγγέλλειν
1787 1592 1848 1631 τι
1878 1569 2001 1631 τῶν
2029 1593 2307 1643 πεπρεσ-

438 1663 759 1746 βευμένων
785 1665 823 1746 ἢ
854 1666 1001 1750 περὶ
1028 1668 1152 1730 τῶν
1181 1667 1246 1731 ἐν
1274 1671 1353 1749 τῇ
1381 1669 1591 1751 Βουλῇ
1619 1667 1946 1754 ῥηθέντων,
1969 1667 2025 1732 εἰ
2041 1666 2165 1753 ἄρα
2192 1667 2308 1748 ἠμ-

441 1767 747 1851 φισβήτει
775 1766 864 1848 μὴ
893 1765 1098 1847 ἀληθῆ
1127 1767 1338 1849 λέγειν
1368 1767 1490 1849 ἐμέ,
1529 1769 1884 1850 μνησθῆναι
1923 1768 2307 1850 πάμπληθες

440 1866 741 1954 ἀπέσχεν,
775 1865 912 1933 εἶπε
955 1867 1021 1931 δὲ
1063 1868 1379 1938 τοιούτους
1420 1866 1648 1950 λόγους
1677 1870 1783 1933 καὶ
1827 1873 2174 1948 τηλικαῦτα
2203 1869 2310 1935 καὶ

439 1968 671 2035 τοιαῦτ’
720 1969 982 2056 ἔχοντας
1039 1967 1263 2051 ἀγαθά,
1324 1967 1478 2034 ὥσθ’
1527 1969 1848 2039 ἅπαντας*
1867 1968 2025 2052 ὑμᾶς
2083 1967 2307 2047 λαβὼν

439 2069 656 2158 ᾤχετο.
731 2071 851 2156 ἔφη
879 2069 1000 2155 γὰρ
1030 2068 1199 2153 ἥκειν
1225 2067 1539 2140 πεπεικὼς
1569 2067 1903 2136 Φίλιππον
1931 2068 2159 2134 ἅπανθ’
2182 2067 2304 2133 ὅσα
2334 2099 2404 2137 22

435 2268 520 2318 VI.
550 2283 596 2329 p.
628 2270 722 2317 228
743 2269 825 2330 Β.)
889 2270 1025 2317 Raro
1052 2267 1273 2330 reperias
1303 2269 1393 2315 aut
1413 2269 1603 2329 άγήοχα
1628 2266 1810 2328 (Epist.
1851 2265 2029 2329 [Phil]
2051 2279 2129 2325 ap.
2153 2267 2301 2314 Dem.

434 2347 526 2394 pro
549 2334 772 2395 Ctesiph.
796 2349 844 2394 p.
872 2336 967 2381 238
989 2338 1014 2394 ς
1036 2335 1114 2391 39,
1141 2336 1190 2380 et
1213 2331 1497 2393 Psephism.
1523 2347 1571 2392 p.
1596 2333 1689 2381 249
1714 2334 1740 2390 ξ
1765 2332 1845 2390 73)
1879 2333 1968 2378 aut
2001 2329 2101 2391 ἦχοι
2137 2329 2301 2391 (Auet.

438 2397 653 2457 Aristog.
677 2399 718 2447 I.
748 2412 798 2458 p.
825 2401 916 2449 772
939 2402 965 2458 ς
988 2400 1037 2458 8)
1063 2401 1268 2457 συνῆχας
1300 2396 1429 2445 Xen.
1455 2396 1667 2444 Memor.
1692 2409 1760 2443 Π.
1786 2397 1833 2452 2,
1859 2396 1905 2442 8.
1967 2394 2081 2441 Vid.
2103 2393 2301 2444 Buttm.

433 2462 530 2510 Irr.
565 2464 728 2520 Verbs‚
751 2476 799 2522 p.
826 2465 871 2513 7.
912 2464 1105 2510 Transl.
1147 2460 1421 2520 Phrynich.
1455 2474 1509 2522 p.
1554 2460 1665 2519 121,
1701 2460 1752 2507 et
1790 2457 1862 2506 ibi
1898 2457 2114 2506 Lobeok.
2180 2457 2304 2507 Post

433 2524 625 2574 ἐλπίσιν
644 2527 747 2573 tres
767 2526 946 2573 literae
969 2539 1141 2572 erasae
1162 2524 1219 2571 in
1245 2524 1297 2573 S.

531 2593 557 2648 ς
579 2590 655 2639 21.
730 2593 770 2638 εἰ
804 2594 866 2636 ε’π
904 2589 969 2635 A2
1007 2589 1173 2648 glossa
1205 2587 1498 2635 manifesta.
1580 2586 1780 2635 Sohaef.
1824 2584 1978 2633 vertit
2018 2600 2150 2633 num.
2216 2584 2301 2632 In·

433 2652 602 2712 teuige
625 2653 796 2713 potius
823 2668 892 2699 απ
929 2654 988 2699 ut
1023 2652 1080 2698 in
1109 2651 1450 2699 locutionibus
1484 2651 1651 2699 dubito
1690 2666 1773 2707 απ,
1808 2651 1943 2697 haud
1972 2653 2073 2697 scio
2110 2664 2193 2706 an,
2237 2648 2301 2697 de

432 2730 534 2776 qua
553 2731 608 2763 re
631 2716 750 2764 alibi
773 2716 998 2763 dicturus
1016 2729 1145 2762 sum.
1203 2718 1264 2763 τὰ
1285 2717 1402 2776 post
1420 2718 1681 2778 πράγματα.
1707 2714 1936 2777 (repetita
1959 2728 2025 2760 so.
2050 2713 2142 2761 ult.
2164 2713 2299 2774 syll.)

437 2780 486 2830 S.
510 2780 571 2827 Y.
597 2779 654 2828 Ο.
674 2807 801 2815 --—
823 2782 1123 2841 ἠμφεσβήτει
1155 2779 1391 2828 VOEMEL.
1479 2781 1690 2842 “r’mfilcss.
1736 2776 1869 2826 libri.
1942 2776 2073 2839 [Vid.
2121 2776 2293 2826 Cobet.

433 2845 560 2891 Nov.
593 2845 728 2893 Lect.
771 2857 820 2904 p.
862 2844 971 2901 157,
1010 2856 1059 2903 p,
1106 2843 1242 2903 430]
1309 2845 1487 2891 τοιαῦτ’
1537 2843 1587 2891 S.
1611 2842 1669 2891 Υ.
1689 2841 1745 2901 Q.
1765 2841 1968 2889 k.s.A1.
1998 2840 2078 2890 ΑΒ.
2150 2840 2297 2900 Vulg.

433 2908 552 2955 ante
572 2906 736 2956 Bsxx.
759 2910 987 2955 τοσαῦτα.
1057 2907 1343 2965 Utrumque
1366 2906 1489 2953 satis
1509 2908 1643 2953 reete
1657 2905 1757 2953 diei
1776 2904 1955 2966 probat
1975 2904 2101 2952 haee
2123 2903 2299 2952 Oratio

432 2969 678 3031 exemplis
693 2971 871 3019 multis
894 2985 1020 3031 quae
1043 2985 1341 3018 enumerare
1364 2969 1678 3031 supersedeo,

433 3166 537 3198 νους
584 3151 791 3205 ἐλπίσιν,
839 3153 983 3197 κ.τ.λ.
1045 3147 1336 3208 “hanging

431 3210 590 3285 upon}
614 3211 772 3273 hopes
815 3213 946 3261 after
998 3212 1157 3273 hopes
1211 3211 1315 3260 and

429 3279 728 3338 promlse8.”

492 3341 600 3391 347.
644 3344 671 3400 ἓ
718 3341 795 3388 21.
861 3340 994 3388 ταῦτ’
1029 3343 1161 3390 ἐστὶν
1200 3341 1311 3402 ἤδη]

431 3403 539 3452 The
561 3404 860 3451 collocation
887 3404 940 3450 of
964 3404 1059 3463 ἤδη
1083 3404 1129 3451 is
1162 3406 1309 3451 strik-

428 3467 543 3528 ing:
580 3472 609 3495 ·‘
629 3469 730 3515 For
751 3468 865 3515 that
885 3468 1050 3515 which
1064 3467 1157 3515 has
1175 3468 1313 3515 ruin-

431 3531 494 3580 ed
515 3533 585 3579 all
604 3546 732 3593 your
753 3531 921 3579 affairs
962 3532 1063 3579 and
1098 3532 1314 3593 entirely

430 3595 695 3656 destroyed
724 3595 882 3655 them,
927 3594 1040 3643 that
1073 3610 1147 3643 we
1181 3596 1313 3643 have

429 3674 535 3709 now
558 3667 613 3709 at
646 3661 813 3721 lenyth
850 3659 1047 3708 arrived
1082 3659 1183 3707 αἶ’

1413 3150 1722 3207 πάμπληθεςε
1748 3150 1999 3208 παντελῶς,
2027 3150 2163 3197 ὅλως.
2197 3146 2300 3195 UL-

1413 3227 1546 3262 mm.
1620 3218 1651 3241 ‘⁶
1671 3213 1804 3260 Raro
1848 3212 2032 3260 dieitur
2073 3211 2298 3260 adverbi-

1415 3276 1613 3324 aliter.”
1682 3277 1963 3325 Samma.

1476 3342 1602 3399 522.
1670 3343 1844 3400 Gomp.
1877 3339 2114 3387 Aeschin.
2138 3353 2185 3399 p.
2213 3339 2292 3397 43,

1411 3404 1475 3451 44
1489 3404 1562 3452 St.
1576 3426 1619 3446 =
1630 3405 1882 3452 289-293
1892 3404 1952 3452 R.
1964 3402 2300 3450 —Aesohines

1413 3467 1687 3515 somewhat
1709 3468 1837 3528 trips
1858 3467 1914 3514 in
1936 3466 2041 3514 this
2074 3466 2219 3526 point
2242 3466 2297 3513 of

1411 3531 1494 3579 his
1549 3532 1767 3591 defense,
1827 3530 2200 3589 endeavouring
2241 3531 2297 3577 to

1413 3595 1549 3643 shew
1570 3594 1683 3643 that
1714 3596 1780 3641 he
1812 3594 1916 3642 had
1947 3593 2068 3642 held
2102 3597 2191 3640 out
2228 3607 2299 3641 no

1412 3659 1675 3720 promisee,
1704 3658 1796 3710 but
1824 3659 2014 3720 merely
2036 3656 2181 3707 acted
2208 3656 2300 3707 the
