2667 4142
423 205 512 276 72
835 213 860 272 ,“
1047 200 1688 269 DEMOSTHENIS

420 359 672 444 τρέφειν
714 357 1112 444 διῳκισμένοι
1154 359 1321 424 κατὰ
1364 357 1575 439 κώμας
1614 358 1718 423 καὶ
1758 356 2185 444 παρῃρημένοι
2225 359 2309 425 ἰὰ

315 464 391 519 82
422 461 609 528 ὅπλα.
695 462 782 543 μὴ
828 460 902 539 δὴ
952 465 1153 526 ταῦτα
1190 461 1401 541 λέγειν
1444 458 1630 524 αὑτὸν
1674 461 1834 537 ἐᾶτε,
1882 459 2030 523 ἀλλ’
2071 458 2152 530 ὥς
2189 460 2304 526 οὐκ
2331 480 2404 536 93

268 565 804 647 367«ἀπολώλασι
839 564 852 649 Ι
890 568 1130 636 Φωκεῖς
1187 564 1513 639 δεικνύναι,
1566 563 1605 647 ἢ
1664 564 1747 635 ὦς
1803 565 1925 653 οὐχ
1980 564 2301 653 ὑπέσχετο

420 667 652 734 σώσειν
688 667 910 738 αὐτοὺς
948 669 1298 733 Φιλιππου.
1387 672 1573 734 τοῦτο
1614 666 1738 753 γάρ
1783 667 1910 733 εἶσι
1952 668 2301 754 πρεσβείας

419 768 681 845 εὐθῦναι,
713 795 776 833 τι
806 768 1207 852 πέπρακταιζ
1249 770 1318 836 τί
1343 768 1772 854 ἀπήγγειλαςς
1819 769 1875 835 εἰ
1912 770 2030 853 μὲν
2073 769 2297 851 ἀληθῆ,

417 872 634 950 σώζου·
677 872 733 937 εἰ
768 871 836 935 δὲ
874 870 1103 955 ψευδῆ,
1146 871 1327 951 δίκην
1362 871 1480 940 δός.
1569 871 1626 937 εἰ
1653 871 1721 936 δὲ
1748 869 1836 954 μὴ
1862 874 2125 958 πάρεισι
2155 874 2298 936 Φω-

407 976 557 1050 κεῖς,
616 973 686 1038 τί
730 978 952 1053 τοῦτο;
1005 972 1167 1038 οὕτω
1215 974 1341 1058 *γὰρ
1393 971 1681 1052 διέθηκας
1731 973 1954 1044 αὐτοὺς
2004 971 2178 1054 οἶμαι
2229 975 2301 1038 τὸ

417 1073 600 1157 μέρος
650 1075 751 1150 σύ,
800 1074 965 1140 ὥστε
1008 1073 1168 1157 μήτε
1215 1079 1347 1145 τοῖς
1394 1074 1604 1160 φίλοις
1648 1076 1908 1156 βοηθεῖν
1950 1075 2110 1158 μήῖτε
2158 1075 2294 1144 τοὺς

417 1176 681 1263 ἐχθροὺς
710 1174 1060 1258 ἀμύνεσθαι
1091 1173 1413 1242 δύνασθαι.

316 1291 388 1361 83
551 1278 683 1343 Καὶ
709 1279 833 1360 μὴν
860 1277 956 1343 ’ότι
985 1277 1180 1365 χωρὶς
1207 1282 1318 1359 τῆς
1341 1278 1544 1359 ἄλλης
1566 1278 1872 1368 αἰσχύνης
1901 1280 2006 1346 καὶ
2029 1278 2294 1364 ἀδοξίας,
2325 1314 2398 1367 04

417 1380 493 1459 ἣν
522 1381 606 1447 τὰ
650 1383 1069 1468 πεπραγμένα
1115 1382 1268 1469 ἔχει,
1306 1381 1414 1447 καὶ
1460 1381 1729 1463 με’γάλοι
1774 1381 2044 1447 κίνδυνοι
2071 1407 2298 1466 ,περιε-
2342 1435 2346 1442 .

414 1488 656 1550 στᾶσιν
704 1488 777 1550 ἐκ
821 1485 1057 1550 τούτων
1102 1484 1216 1566 τὴν
1255 1484 1466 1561 πόλιν,
1497 1483 1713 1571 ῥᾴδιον
1751 1483 1963 1567 δεῖξαι.
2051 1486 2145 1554 τίς
2172 1486 2296 1571 *γὰρ

416 1586 529 1653 οὐκ
558 1587 720 1653 οἶδεν
748 1586 919 1670 ὑμῶν
947 1585 1045 1651 ’ὁτι
1074 1589 1163 1673 τῷ
1201 1585 1474 1652 Φωκέων
1512 1585 1774 1672 πολέμῳ
1805 1588 1911 1651 καὶ
1941 1590 2031 1673 τῷ
2051 1588 2296 1673 κυρίους

419 1688 575 1754 εἶναι
605 1692 843 1756 Πυλῶν
872 1687 1131 1759 Φωκέας
1159 1687 1197 1769 ἤ
1222 1714 1291 1751 τε
1320 1686 1449 1751 ἀπὸ
1471 1687 1778 1765 Θηβαίων
1805 1688 1982 1753 ἄδεια
2009 1689 2295 1777 ὑπῆρχεν

416 1790 582 1872 ἡμῖν,
635 1791 742 1855 καὶ
792 1789 865 1854 τὸ
910 1788 1213 1873 μηδέποτ’
1261 1787 1345 1864 ἂν
1396 1789 1603 1854 ἐλθεῖν
1653 1790 1739 1861 εἰς
1798 1792 2294 1871 Πελοπόννησον

416 2015 474 2046 ου
498 1998 549 2045 et
584 2014 668 2045 του
700 1998 921 2057 permut.
959 1995 1058 2047 vid.
1098 1999 1124 2057 ἕ
1166 1998 1243 2071 βό.
1385 1960 1705 2059 7τῖῖιζὲηιρημένοι.
1746 1998 1805 2048 F.
1848 1998 1908 2050 B.
1959 1985 2289 2062 περιῃρημένοι

420 2062 477 2122 Q.
508 2064 559 2108 et
581 2079 661 2121 γρ.
688 2061 739 2110 S.
803 2060 902 2110 Sed
922 2061 1055 2121 vulg.
1080 2061 1289 2122 perinde
1310 2062 1543 2122 probum.
1660 2117 1663 2122 ,

417 2129 421 2134 ’
513 2125 635 2183 §93-
704 2128 886 2173 εὔθυναι
908 2125 1003 2174 En.
1031 2125 1209 2174 Tmuc.
1236 2125 1396 2174 Dum.
1421 2125 1588 2175 Voma.
1613 2126 1778 2175 ΒΕΚΚ.
1807 2128 1872 2175 st.
1923 2126 2041 2175 vid.
2066 2125 2133 2175 ad
2157 2129 2183 2187 g
2204 2128 2279 2176 19.

417 2189 672 2239 —Infn
702 2192 759 2238 τὸ
790 2193 913 2239 κατὰ
943 2192 1116 2239 σαυτὸν
1135 2193 1273 2253 μέρος
1302 2194 1361 2241 σὺ
1390 2208 1471 2253 γρ.
1509 2190 1560 2240 S.
1586 2190 1644 2252 Q.
1689 2191 1926 2240 Fortasse
1949 2191 2137 2253 duplex
2158 2190 2282 2239 olim

415 2302 518 2354 fuit
560 2301 709 2351 lectio
752 2305 808 2352 τὸ
852 2301 975 2353 κατ-οὶ
1023 2305 1214 2365 σαυτόν,
1264 2306 1317 2352 et
1361 2304 1417 2352 τὸ
1458 2305 1611 2365 μέρος.
1745 2271 1999 2364 ἀμύνεσθαι
2051 2305 2110 2369 F.
2149 2305 2189 2354 t.
2222 2305 2283 2352 B.

417 2365 690 2423 α’μύνασθαι
725 2367 773 2418 S.
812 2368 870 2428 Q.
898 2368 954 2417 O.
991 2368 1041 2416 k.
1070 2383 1111 2416 s·
1144 2371 1215 2417 δ”·.
1240 2367 1322 2417 Al.
1349 2368 1427 2418 A‘2.
1468 2368 1562 2417 En.
1607 2368 1787 2417 Teme.
1857 2368 1957 2417 Sed
1993 2371 2045 2417 et
2078 2372 2283 2430 propter

416 2434 611 2498 βοηθεῖν
635 2435 685 2479 et
707 2447 772 2480 ne
795 2447 940 2480 aures
959 2432 1281 2480 offendantur
1301 2433 1359 2480 in
1381 2432 1515 2491 vulg.
1543 2432 1926 2492 acquiescimus.
1950 2432 2065 2481 Vid.
2090 2438 2115 2493 g
2138 2435 2215 2483 57.

485 2497 614 2560 §94.
682 2496 912 2559 μηδέποτ’
950 2500 1106 2546 ἐλθεῖν
1128 2497 1189 2545 ἂν
1216 2497 1264 2547 S.
1296 2498 1356 2558 Q.
1388 2496 1487 2545 ΕΙ).
1523 2496 1704 2545 TUBIC.
1740 2498 1895 2547 DIND.
1933 2496 2103 2548 VOEM.
2168 2497 2287 2557 Mox

1470 2659 1495 2716 ἓ
1516 2657 1595 2708 94.
1629 2659 1714 2716 τῆς
1732 2656 1882 2713 ἄλλης
1904 2654 2150 2717 αἰσχύνης]
2183 2656 2290 2703 The

1408 2735 1547 2769 same
1589 2735 1681 2769 use
1725 2721 1779 2768 of
1833 2721 1979 2769 ἄλλος
2022 2735 2078 2768 as
2112 2721 2169 2767 in
2200 2720 2288 2767 the

1405 2785 1723 2833 well—known
1743 2784 2001 2832 instanoes
2023 2786 2121 2832 τῶν
2155 2789 2288 2833 πολι-

1405 2851 1497 2897 τῶν
1531 2852 1609 2898 καὶ
1643 2850 1741 2897 τῶν
1771 2849 1932 2896 ἄλλων
1975 2851 2115 2907 ξένων
2155 2849 2281 2897 Plat.

417 2662 529 2714 into
576 2660 720 2720 petty
772 2657 1033 2717 villages.”
1097 2671 1148 2718 p.
1206 2658 1301 2705 445

417 2728 444 2783 ξ
467 2725 561 2775 373
584 2724 787 2781 Θηβαῖοι
795 2760 908 2771 ......
917 2724 958 2768 οἰ
981 2723 1304 2771 διοικισθέντες

420 2789 499 2836 ὑπ’
543 2787 772 2847 Αἰσχίνου
814 2786 887 2845 τῷ
916 2785 1062 2848 λόγῳ,
1091 2786 1153 2833 de
1175 2786 1305 2834 Pace

416 2867 464 2914 p.
494 2852 556 2900 59
580 2854 605 2911 ς
629 2852 707 2897 10.

480 2916 593 2965 367.
659 2918 686 2972 ,ὃ
707 2915 786 2963 93.
854 2914 913 2962 ὡς
943 2912 1033 2973 οὐχ
1066 2913 1307 2974 ὑπέσχετο

422 3017 540 3030 ......
544 2980 563 3040 ]
600 2984 631 3008 ‘⁴
649 2978 780 3026 That
797 2976 863 3026 he
884 2977 1196 3040 (Aeschines)
1215 2976 1304 3024 did

415 3045 506 3096 not
527 3043 749 3103 promise
778 3042 894 3090 that
929 3041 1101 3102 Philip
1137 3040 1305 3088 would

415 3109 609 3169 protect
631 3107 825 3156 them.’'
889 3105 1075 3154 Beiske
1106 3104 1299 3152 misun-

416 3170 651 3219 derstood
669 3170 760 3219 the
780 3184 1008 3230 passage.
1076 3169 1149 3216 To
1184 3172 1300 3217 δεικ-

415 3232 547 3283 νύναι
587 3235 719 3281 from
756 3238 822 3294 μὴ
851 3235 964 3282 ἐᾶτε
998 3233 1181 3293 supply
1211 3233 1302 3281 the

415 3298 645 3360 opposite
668 3299 881 3347 κελεύετε
902 3313 969 3345 on
990 3297 1080 3344 the
1110 3296 1297 3358 princi-

414 3364 497 3424 ple
535 3361 739 3411 alluded
774 3364 828 3409 to
866 3376 934 3409 on
966 3365 993 3420 ξ
1027 3362 1107 3409 46.
1176 3360 1300 3408 This

416 3427 523 3475 also
560 3425 742 3473 Reiske
779 3425 1016 3473 mistook.
1085 3424 1136 3472 It
1166 3423 1213 3471 is
1245 3426 1299 3472 to

415 3490 479 3539 be
520 3488 863 3539 remembered
895 3489 1008 3537 that
1047 3488 1130 3537 οὐκ
1163 3490 1225 3537 ἐῶ
1254 3488 1301 3537 is

415 3556 510 3603 not
551 3569 651 3602 non
691 3555 819 3611 sine,
873 3553 966 3601 but
1019 3553 1300 3610 dissuadeO,

415 3621 661 3676 dehortor,
715 3624 840 3675 vet0,
892 3616 996 3665 and
1049 3616 1298 3664 therefore

418 3681 510 3739 ‚the
532 3680 762 3742 opposite
784 3683 914 3729 term
937 3683 990 3731 to
1013 3680 1213 3731 κελεύω.
1285 3725 1292 3728 .

1409 2914 1557 2974 Gorg.
1577 2914 1672 2965 473
1697 2913 1752 2972 G,
1767 2913 1909 2961 αὐτοῦ
1926 2915 2115 2960 καὶτῶν
2128 2912 2290 2961 ἄλλων

1406 2981 1588 3026 οἰκείων
1607 2978 1705 3025 480
1725 2977 1788 3034 D,
1825 2980 1971 3025 λίθοις
2005 2980 2080 3025 καὶ
2112 2978 2180 3039 γῇ
2214 2980 2288 3024 καὶ

1405 3045 1503 3090 τοῖς
1548 3044 1712 3091 ἄλλοις
1793 3043 1878 3089 ὀις
1914 3059 1970 3089 τε
2006 3044 2084 3089 καὶ
2127 3044 2290 3102 φυτοῖς

1404 3105 1608 3153 Phaedo
1633 3106 1726 3152 110
1798 3139 1810 3161 ,
1835 3108 1921 3153 διο.
1988 3104 2039 3152 It
2071 3103 2119 3153 is
2150 3119 2288 3152 more

1403 3169 1718 3217 remarkable
1730 3167 1958 3216 however
1968 3168 2106 3228 here,
2124 3168 2288 3216 where

1405 3238 1550 3283 ἄλλος
1563 3231 1817 3293 precedes,
1832 3232 1934 3279 and
1948 3232 2074 3280 then
2096 3233 2123 3280 I
2139 3232 2289 3280 think

1400 3297 1490 3346 the
1513 3296 1688 3345 article
1712 3296 1760 3343 is
1781 3296 2038 3357 generally
2059 3296 2287 3354 omitted,

1404 3376 1460 3409 as
1482 3361 1538 3408 in
1560 3361 1683 3408 Eur.
1717 3360 1851 3408 Med.
1883 3361 1977 3411 297
2015 3363 2156 3423 χωρὶς
2193 3363 2289 3421 γὰρ

1404 3427 1555 3484 ἀλλης
1577 3426 1633 3483 ἥς
1665 3428 1857 3485 ἔχουσιν
1889 3425 2056 3486 ἀργίας
2081 3423 2088 3483 Ι
2120 3427 2290 3486 φθόνον

1402 3492 1519 3545 πρὸς
1563 3491 1723 3537 ἀστῶν
1763 3489 2029 3548 ἀλφάνουσι
2070 3491 2286 3546 δυσμενῆ.

1405 3552 1697 3603 Translate:
1761 3557 1792 3580 “
1809 3554 1902 3599 not
1955 3555 2009 3599 to
2053 3552 2288 3600 mention

1400 3617 1490 3665 the
1512 3617 1736 3676 disgraee
1759 3623 1837 3664 too
1863 3615 1936 3677 (as
1969 3619 2080 3665 well
2114 3632 2170 3664 ας
2206 3618 2287 3663 the

1404 3679 1691 3744 danyers).”
1863 3680 1921 3729 τὸ
1964 3679 2195 3739 μηδέποτ’
2232 3682 2291 3728 ἂμ
