2667 4142
397 186 523 249 252
1015 187 1655 255 DEMOSTHENIS

388 348 571 405 λευεν
621 339 729 405 ἐπὶ
779 339 921 410 τοὺς·
960 340 1118 426 ὑπὲρ
1166 344 1506 409 Φιλίππου
1552 344 1949 429 πράττοντας
1996 345 2277 426 πέμπειν

234 428 356 553 ψῃ
390 441 532 510 τούς
550 442 1114 527 κατηγορήσοντας.
1188 448 1295 510 νῦν
1323 446 1533 510 τοίνυν
1562 444 1720 524 ὑμᾶς
1750 443 1862 510 οὐκ
1892 446 1975 515 εἰς
2009 445 2020 531 Ι
2061 448 2271 512 Helo—
2296 452 2431 525 356

247 515 281 571 ‘3
387 541 705 624 πόννησον
753 543 847 608 δεῖ
889 546 1246 631 πρεσβείαν
1295 547 1588 627 πέμπειν,
1650 546 1771 610 οὐδ’
1826 546 1967 612 ὁδὸν
2020 548 2271 632 μακρὰν

385 645 675 725 βαδίσαι,
710 645 831 710 οὐδ’
863 646 1087 732 ἐφόδια
1124 647 1509 726 ἀναλίσκειν,
1551 647 1699 712 ἀλλ’
1731 647 1888 736 ἄχρι
1915 653 2026 714 τοῦ
2054 650 2268 730 βήμα-

387 772 492 817 τος
522 748 813 813 ἐνταυθοῖ
836 747 1281 833 προσελθόντα
1310 750 1583 815 ἕκαστον
1611 749 1783 832 ὑμῶν
1811 750 1925 832 τὴν
1954 751 2138 818 ὁσίαν
2162 755 2270 820 καὶ

385 933 444 980 nt
477 931 536 979 in
570 932 679 979 loco
709 931 862 993 plane
891 930 1052 980 simili
1078 935 1103 992 g
1139 934 1218 983 98.
1275 932 1558 994 'Utrobique
1591 936 1709 994 post
1743 934 1840 985 En.
1884 934 2064 985 Turne.
2103 935 2266 984 Dmn.

385 998 451 1046 είς
481 995 670 1044 addidi.
735 997 800 1057 τῇ
822 996 979 1057 εἰρήνῃ
1009 997 1177 1045 ΒΕΚΚ.
1243 1000 1331 1056 τὴν
1355 1001 1552 1060 εἰρήνην,
1576 998 1686 1046 sine
1712 1002 1791 1056 είς,
1814 999 1981 1047 ΒΕΚΚ.
2005 1001 2070 1047 st.
2093 999 2266 1049 Voma.

383 1062 728 1109 -ἐκέλευεν
760 1061 817 1110 F.
859 1060 910 1109 S.
941 1060 999 1110 Y.
1028 1061 1085 1121 Q.
1123 1060 1182 1109 O.
1211 1063 1250 1112 t.
1290 1076 1343 1109 u.
1374 1077 1424 1112 v.
1493 1066 1742 1112 ἐκέλευσεν
1769 1063 1932 1124 vulgo.
1994 1065 2266 1126 κατηγορή·

385 1142 561 1175 σαντας
582 1125 632 1172 k.
651 1138 692 1172 r.
717 1123 796 1175 A¹.
869 1123 983 1174 vid.
1013 1124 1078 1173 ad
1099 1128 1125 1185 ἓ
1149 1126 1226 1186 91,
1256 1128 1282 1186 ξ
1304 1128 1416 1178 127.

478 1192 505 1249 g
528 1190 636 1240 356.
710 1190 899 1237 ἐνταυθὶ
921 1189 973 1238 S.
997 1189 1092 1239 En.
1126 1189 1305 1238 Temo.
1329 1191 1485 1238 Dmn.
1503 1189 1674 1239 Vorm.
1699 1191 1867 1239 ant.
1891 1192 1955 1241 st.
2046 1189 2161 1241 vid.
2190 1192 2263 1241 ad

383 1253 510 1311 §92
577 1251 743 1301 Lubet
779 1252 1005 1300 virorum
1034 1252 1300 1302 doctorum
1336 1255 1621 1303 sententias
1653 1258 1901 1303 excutere.
1967 1254 2154 1304 Elmsl.
2188 1257 2262 1306 ad

382 1318 467 1366 Ar.
527 1316 744 1367 Acharn.
797 1317 889 1363 152
946 1319 1162 1366 ἐνταυθοῖ
1189 1320 1406 1380 sormam
1438 1320 1664 1367 Ionicam
1699 1320 1946 1381 appellat,
1993 1318 2131 1379 quod
2169 1335 2259 1369 me

381 1381 592 1443 perinde
625 1395 685 1429 ac
720 1380 1048 1430 Schaeferum
1085 1396 1192 1429 non
1223 1382 1507 1443 intelligere
1540 1384 1715 1433 fateor.
1787 1383 1900 1431 Nisi
1929 1384 2060 1432 forte
2097 1385 2266 1433 voluit

382 1445 607 1494 Homero
637 1445 734 1493 soli
764 1443 899 1493 hanc
927 1446 1146 1494 formam
1174 1446 1422 1495 addicere.
1489 1446 1553 1494 11.
1577 1461 1678 1495 xxr.
1706 1448 1815 1508 122,
1840 1446 1931 1496 Od.
1966 1461 2112 1496 xvm.
2144 1449 2259 1505 104,

381 1523 461 1560 xx.
491 1510 600 1565 262,
626 1510 815 1570 Hymn.
856 1509 1020 1571 Apoll.
1051 1511 1162 1567 363,
1198 1524 1325 1571 quos
1356 1511 1493 1559 locos
1522 1510 1701 1559 citavit
1728 1511 1833 1572 jam
1872 1512 2152 1562 Hermann.
2192 1512 2265 1563 ad

381 1573 537 1622 Arist.
560 1574 710 1623 Num.
741 1575 853 1622 813.
923 1573 1023 1622 Sed
1056 1574 1192 1635 quod
1222 1575 1294 1622 ait
1330 1580 1363 1603 ‘⁸
1383 1578 1567 1624 ἐνταυθὶ
1600 1574 1756 1623 habet
1787 1575 1912 1623 Rav.
1935 1575 1994 1623 in
2015 1575 2132 1637 Lys.
2159 1577 2262 1627 570

382 1639 436 1686 et
457 1639 671 1686 fortasse
693 1637 864 1695 alibi‚”
886 1652 1129 1699 nusquam
1149 1640 1294 1699 alibi,
1318 1638 1452 1699 quod
1474 1639 1646 1699 sciam,
1665 1638 1821 1688 habet
1842 1653 1934 1699 pro
1957 1642 2257 1690 ἐνταυθοῖ.

383 1701 695 1750 Bekkeriani
738 1700 912 1750 Editio
960 1702 1169 1764 praebet
1204 1707 1423 1753 ἐνταυθοῖ
1460 1704 1718 1752 undecies.-
1769 1704 1984 1752 fortasse
2028 1704 2254 1765 saepius,

381 1779 504 1814 nam
538 1781 644 1814 non
678 1766 890 1814 vacabat
927 1780 1038 1814 rem
1072 1767 1464 1827 diligentissime
1499 1767 1805 1816 examinare.
1874 1766 2122 1815 *Achai-n.
2159 1769 2257 1817 152

382 1829 492 1891 (ubi
512 1829 632 1879 God.
658 1830 783 1879 Rav.
808 1829 1046 1891 ἐνταῦθα).
1079 1831 1292 1893 Lysistr.
1317 1833 1430 1890 568,
1454 1832 1549 1883 570
1570 1832 1715 1893 (Rav.
1736 1833 1956 1893 ἐνταυθί).
1994 1831 2062 1879 In
2077 1831 2262 1881 ceteris

380 1893 507 1942 l‘ocis
528 1894 663 1942 nihil
685 1894 914 1943 enotavit
936 1895 1093 1945 Bekk.
1147 1896 1221 1944 *N
1226 1895 1308 1946 ub.
1340 1898 1436 1945 804
1458 1896 1637 1961 (=814
1658 1897 1852 1955 Dina),
1884 1895 2008 1943 *833
2035 1895 2256 1960 (=843).

383 1958 560 2019 Wesp.
590 1960 733 2007 1442.
802 1958 1038 2007 ⁴‘'I'hesm.
1074 1960 1181 2009 225.
1250 1960 1465 2021 Lysistr.
1497 1961 1545 2008 4.
1613 1960 1746 2008 Plut.
1775 1961 1884 2018 225,
1912 1960 2024 2008 608.
2092 1960 2256 2009 *Ram

381 2023 490 2073 273.
560 2022 684 2070 Loci
726 2025 963 2071 asterisco
1002 2023 1169 2072 notati
1214 2023 1454 2073 videntur
1497 2038 1706 2072 sensum
1760 2026 1794 2050 “
1813 2025 1895 2073 hic
1916 2026 1946 2048 '’
1991 2022 2257 2084 flagitare:

379 2085 553 2148 itaque
586 2087 765 2135 Herm.
801 2086 868 2135 ad
903 2087 1036 2136 Nub.
1081 2087 1116 2137 1.
1137 2102 1178 2139 c.
1221 2091 1405 2137 ἐνταυθὶ
1448 2087 1601 2137 scribi
1643 2087 1803 2149 jubet.
1889 2086 2035 2136 Idem
2079 2089 2259 2136 tamen

380 2151 446 2199 ad
468 2152 589 2199 Eur.
610 2150 725 2212 Iph.
740 2151 798 2200 Τ.
823 2151 919 2201 984
941 2152 1113 2212 paullo
1137 2152 1332 2201 cautior
1348 2153 1538 2201 sactus:
1575 2157 1610 2180 “
1629 2150 2032 2212 significationis
2051 2151 2258 2212 aliquod

380 2214 657 2263 discrimen
679 2215 909 2264 invenire
940 2216 1072 2264 mihi
1097 2216 1238 2264 visus
1262 2230 1378 2264 sum
1408 2217 1467 2264 in
1499 2216 1566 2265 iis
1602 2230 1731 2276 quae
1753 2215 1819 2263 ad
1851 2216 1935 2265 Ar.
1972 2215 2106 2263 Nub.
2146 2215 2258 2265 dixi

385 2317 501 2329 ......
507 2280 610 2328 Nec
655 2283 778 2341 puto
814 2294 1020 2341 prorsus
1064 2280 1210 2329 illam
1252 2280 1508 2329 rationem
1550 2281 1734 2328 falsam
1763 2294 1888 2336 esse,
1930 2278 2020 2327 sed
2045 2294 2160 2338 usu,
2195 2283 2258 2328 ut
2293 2317 2299 2323 .

378 2343 433 2391 in
457 2346 592 2393 πέδοι
608 2343 837 2405 aliisque,
862 2344 1058 2392 factum
1080 2359 1192 2393 esse
1222 2348 1280 2392 ut
1312 2347 1533 2393 ἐνταυθοῖ
1551 2344 1706 2392 etiam
1731 2343 1843 2392 si'ne
1869 2347 2041 2391 motus
2063 2342 2256 2404 signifi·

378 2407 576 2456 catione
619 2408 885 2457 diceretur.
895 2408 924 2433 ’⁹
990 2409 1183 2457 Notatu
1225 2408 1437 2469 dignum
1476 2411 1572 2464 est,
1615 2407 1674 2455 in
1716 2415 1934 2469 quatuor
1965 2407 2092 2456 locis
2134 2422 2257 2456 cum

377 2474 532 2530 μένειν
557 2471 716 2534 jungi,
757 2472 816 2520 in
845 2472 1066 2520 Acharn.
1101 2487 1219 2521 cum
1255 2476 1408 2531 εἶπας,
1441 2472 1500 2521 in
1535 2472 1667 2520 Ran.
1712 2486 1829 2519 cum
1860 2472 1934 2531 ἦν.
2001 2471 2147 2532 Quod
2186 2471 2257 2520 ad

377 2539 530 2592 μένειν
552 2536 755 2593 attinet,
778 2538 1021 2585 vocabula
1053 2544 1233 2585 motum
1261 2539 1608 2600 siqnificantia
1642 2535 1764 2584 huic
1791 2536 1943 2583 verbo
1978 2534 2253 2596 conjuncta

377 2600 616 2648 videntur
637 2615 669 2650 a
692 2601 998 2649 Graecitatis
1027 2600 1233 2662 ingenio
1263 2616 1371 2649 non
1403 2615 1611 2663 prorsus
1634 2599 1919 2648 abhorrere.
1986 2599 2063 2647 cf.
2090 2599 2246 2661 Soph.

376 2664 514 2724 Ajac.
559 2667 622 2713 80
655 2664 745 2713 ubi
785 2664 840 2715 ἐς
872 2665 1079 2722 δόμους
1115 2680 1221 2713 var.
1253 2666 1367 2714 lect.
1406 2665 1575 2714 Schol.
1620 2666 1672 2712 et
1707 2662 1860 2724 pauci
1895 2663 2029 2711 libri.
2094 2662 2253 2712 Arist.

376 2728 589 2789 Lysistr.
640 2729 736 2777 526
779 2732 888 2778 ποῖ
919 2729 1017 2791 γοῖρ
1072 2732 1148 2778 καὶ
1194 2733 1315 2791 χρῆν
1354 2731 1627 2786 ἀναμεῖναι;
1692 2728 1818 2778 Ran.
1873 2729 1967 2778 194
2002 2731 2118 2777 ποΐ
2150 2729 2255 2787 δῆτ’

377 2792 613 2851 ιίναμενῶς
656 2792 776 2842 Οοᾶ.
801 2793 926 2842 Vcn.
997 2793 1130 2841 Nam
1153 2793 1287 2854 quod
1310 2793 1377 2842 ad
1402 2795 1536 2843 εἶπας
1558 2794 1753 2853 spectat
1777 2795 1839 2842 εἰς
1874 2806 1915 2840 Β.
1953 2800 2067 2854 πρὸς
2102 2793 2253 2853 ὄχλον

374 2860 535 2920 λέγειν
564 2871 672 2906 non
706 2857 966 2919 displicet3
999 2871 1165 2918 neque
1197 2857 1256 2906 in
1290 2861 1340 2907 τί
1373 2856 1414 2907 δ’
1442 2857 1552 2906 ἐστι
1578 2858 1834 2906 τάνταυθοῖ
1867 2854 1970 2905 alia
2005 2855 2139 2905 ratio
2172 2860 2254 2906 est

436 3020 550 3068 441.
574 3020 728 3081 §356.
780 3020 899 3083 ἄχρι
921 3022 1008 3068 τοῦ
1028 3019 1265 3083 βήματος]
1363 3019 1431 3080 by
1450 3017 1610 3068 Arist.
1637 3018 1914 3068 Ecclesiaz.
1951 3019 2058 3079 677,
2087 3018 2261 3070 Where

373 3089 406 3114 ‘⁴
426 3085 644 3145 coming
675 3099 746 3146 up
783 3085 957 3133 hither
993 3098 1051 3132 as
1086 3086 1165 3133 far
1211 3100 1269 3134 as
1368 3083 1537 3135 Schol.
1560 3083 1686 3133 Rav.
1718 3084 1744 3132 ὀ
1780 3086 1908 3133 λίθος
1938 3082 1989 3132 ἐν
2017 3084 2091 3145 τῷ
2123 3087 2255 3134 δικα·

371 3148 461 3197 the
481 3147 775 3210 platform.'’
840 3150 939 3197 Are
960 3163 1033 3196 we
1054 3151 1107 3197 to
1134 3149 1269 3198 infer
1366 3149 1559 3208 στηρίῳ.
1617 3148 1773 3196 Arist.
1792 3147 2010 3198 Acharn.
2033 3149 2126 3198 683
2147 3167 2256 3198 τον-

371 3214 504 3261 from
525 3213 634 3261 this
665 3213 781 3262 that
817 3212 908 3261 the
949 3215 1103 3276 ψῆφοι
1137 3227 1265 3261 were
1367 3216 1633 3275 θορύζοντες
1648 3214 1700 3261 δὲ
1719 3211 1851 3274 γήρα
1872 3213 1944 3272 τῷ
1959 3214 2079 3273 λίθῳ
2106 3231 2254 3275 προσ-

373 3276 522 3336 given
543 3277 716 3326 there?
762 3276 948 3326 Anecd.
970 3277 1128 3326 Bekk.
1152 3279 1263 3335 219,
1366 3280 1582 3334 έσταμεν.
1652 3275 1707 3339 [“
1726 3279 1878 3339 βῆμα,
1900 3276 1989 3324 the
2011 3276 2100 3324 bar
2126 3277 2190 3325 in
2224 3292 2260 3328 a

372 3342 436 3389 28
456 3344 616 3404 βῆμαε
663 3344 861 3391 πλείονα
878 3344 1094 3401 σημαίνει
1119 3341 1266 3391 κοινό-
1364 3343 1510 3389 court
1533 3340 1591 3388 of
1618 3339 1816 3402 justice.
1886 3339 2004 3402 Lys.
2032 3340 2251 3390 Theom-

371 3422 522 3467 τερον.
561 3408 690 3454 ἔστι
707 3408 759 3454 δὲ
772 3406 896 3455 οὕτω
910 3424 1010 3455 πως
1023 3409 1170 3456 καὶτὸ
1184 3409 1262 3455 λο-
1361 3407 1489 3455 nest.
1545 3419 1596 3467 p.
1657 3404 1769 3462 117,
1810 3405 1873 3453 28
1916 3407 1969 3453 et
2012 3404 2121 3465 118,
2166 3405 2253 3454 2.”

371 3472 505 3529 γεῖον
517 3470 790 3531 [pulpitum
810 3470 867 3517 in
888 3468 979 3518 the
1004 3470 1261 3532 TheatreJ,
1360 3469 1515 3521 Dobr.
1539 3471 1665 3519 Adv.
1709 3482 1747 3517 1.
1788 3483 1837 3530 p.
1887 3469 2261 3529 533.]——·r·)5n

374 3532 536 3591 ὥσπερ
559 3536 636 3580 καὶ
669 3536 726 3582 τὸ
755 3537 805 3582 ἐν
829 3536 894 3595 τῇ
929 3537 1158 3596 ἐκκλησίᾳ
1183 3536 1260 3583 καὶ
1359 3535 1497 3583 ὁσίαν
1502 3573 1618 3586 ......
1626 3534 1809 3597 ψῆφον]
1847 3532 1938 3594 Op.
1962 3531 2089 3582 Mid.
2125 3536 2256 3582 extr.

372 3598 436 3645 τὸ
459 3599 517 3644 έν
538 3598 959 3657 δικαστηρίοις.
996 3598 1104 3648 The
1125 3602 1262 3660 βῆμα
1358 3602 1448 3657 τὴν
1499 3602 1634 3650 ὁσίαν
1687 3600 1766 3647 καὶ
1822 3598 2006 3645 δικαίαν
2062 3598 2255 3654 θέμενοι

372 3658 430 3707 in
455 3659 543 3706 the
565 3660 863 3719 δικαστήριον
892 3662 938 3710 is
966 3662 1262 3713 mentioned
1363 3667 1524 3727 ψῆφον
1562 3662 1746 3727 (where
1779 3675 1921 3711 some
1952 3660 2109 3711 MSS.
2154 3661 2264 3712 add.
