2667 4142
444 206 570 267 214
1058 198 1697 267 DEMOSTHENIS

441 362 552 423 τοῦ
587 359 872 425 τοιοῦτόν
913 387 978 427 τι
1021 365 1239 437 ποιεῖν,
1284 359 1453 424 ὥστε
1495 357 1884 439 θαυμάζουσι
1919 354 2025 420 καὶ
2056 357 2321 435 ζηλοῦσι

303 479 415 535 260
442 461 549 527 καὶ
574 460 896 539 βούλοιντ’
929 461 1007 528 ἂν
1036 461 1220 530 αὐτὸς
1262 460 1531 527 ἕκαστος
1569 462 1846 527 τοιοῦτος
1877 455 2046 523 εἶναι.
2110 458 2320 535 καίτοι
2348 489 2464 550 295

440 565 625 628 τοῦτο
654 562 727 626 τὸ
753 566 1018 648 πρᾶκγμα
1050 562 1156 628 καὶ
1195 561 1274 626 τὰ
1308 564 1573 626 τοιαῦτα
1605 560 1943 641 ζηλώματα
1972 562 2321 626 Θετταλῶν

439 662 570 742 μέν,
614 662 663 728 ὦ
705 663 925 747 ἄνδρες
956 663 1298 744 Ἀθηναῖοι,
1340 660 1535 748 μέχρι
1567 662 1685 742 μὲν
1727 659 1911 748 ἐχθὲς
1948 659 2056 725 καὶ
2097 658 2319 747 πρῴην

440 767 555 844 τὴν
591 764 930 848 ἡγεμονίαν
969 763 1077 830 καὶ
1116 761 1189 830 τὸ
1227 762 1432 828 κοινὸν
1470 762 1715 845 ἀξίωμα
1756 760 2170 840 ἀπολωλέκει,
2207 765 2320 826 νῦν

441 862 493 928 δ’
522 863 639 945 ἤδη
669 866 777 930 καὶ
805 868 923 946 τὴν
957 865 1317 951 ἐλευθερίαν
1360 868 1765 950 παραιρεῖται
1799 863 1935 947 (τὰς
1967 863 2090 948 «γὰρ
2128 862 2317 947 ἀκρο-

439 965 658 1037 πόλεις
686 966 891 1032 αύτῶν
919 967 1097 1032 ἐνίων
1119 965 1483 1036 Μακεδόνες
1514 968 1941 1053 φρουροῦσιν)·
1990 965 2076 1037 εἰς
2106 969 2315 1031 Πελο-

439 1067 756 1147 πόννησον
786 1067 836 1132 δ’
878 1068 1165 1134 εἰσελθὸν
1200 1067 1311 1138 τὰς
1342 1069 1408 1132 ἐν
1439 1067 1667 1132 ”Ηλιδι
1694 1066 1948 1153 σφαγὰς
1985 1066 2312 1147 πεποίηκε,

439 1170 546 1234 καὶ
604 1169 916 1250 τοσαύτης
973 1170 1321 1253 παρανοίας
1379 1170 1483 1235 καὶ
1533 1162 1760 1251 μανίας
1806 1168 2120 1247 ἐνέπλησε
2171 1175 2317 1240 τοὺς

439 1273 882 1357 ταλαιπώρους
920 1272 1187 1342 ἐκείνους
1225 1271 1402 1352 ὥσθ’,
1453 1272 1525 1338 ἵν’
1579 1271 1882 1352 ἀλλήλων
1917 1271 2169 1360 ἄρχωσι
2207 1274 2316 1339 καὶ

440 1375 753 1458 Φιλίππῳ
796 1375 1198 1461 χαρίζωνται,
1260 1377 1582 1457 συγγενεῖς
1627 1372 1832 1439 αὐτῶν
1880 1373 1989 1438 καὶ
2036 1375 2313 1443 πολίτας

446 1540 672 1604 τοσοῦτον
706 1554 875 1615 vulgO.
923 1554 998 1605 Cf.
1028 1556 1054 1613 ξ
1080 1556 1188 1604 113.
1301 1555 1515 1617 βούλοιτ’
1547 1554 1681 1615 vulg.
1714 1555 1832 1602 ante
1873 1553 2042 1602 ant.
2106 1554 2317 1604 Dudum

446 1619 727 1683 conjecerat
747 1622 985 1682 βούλοιντ’
1007 1620 1171 1668 Dona.
1236 1619 1407 1668 Habet
1433 1619 1483 1669 S.
1508 1618 1565 1669 Y.
1591 1619 1649 1680 Q.
1669 1619 1728 1667 O.
1752 1619 1811 1666 Β.
1830 1620 1882 1667 et
1904 1632 2032 1668 eoi-r.
2053 1633 2106 1669 u.

941 1697 967 1723 Τ

537 1733 694 1792 5295.
761 1735 839 1782 καὶ
871 1733 1056 1781 τοιοῦτο
1080 1732 1130 1781 S.
1197 1731 1314 1781 Vid.
1350 1732 1415 1780 ad
1437 1736 1463 1794 ξ
1484 1732 1758 1782 35.--τὰ
1789 1731 1927 1795 (ante
1949 1731 2165 1794 τοιαῦτα)
2203 1747 2308 1784 om.

444 1811 518 1858 pr.
561 1797 612 1847 S.
653 1797 748 1846 En.
785 1796 962 1848 Tuum.
1094 1797 1126 1855 ἢ
1172 1796 1333 1860 πρῴην
1370 1796 1422 1845 S.
1457 1796 1516 1845 Y.
1556 1796 1724 1844 Bmzx.
1761 1797 1831 1858 [et
1866 1795 1957 1858 st.]
1993 1797 2090 1847 En.
2127 1796 2309 1847 Tumc.

442 1861 598 1910 Dum.
640 1859 809 1909 Voma.
878 1860 975 1910 Sed
1005 1863 1117 1921 χθὲς
1160 1863 1240 1909 καὶ
1272 1861 1452 1922 πρῴην,
1493 1860 1554 1908 de
1588 1860 1770 1908 Coton.
1808 1874 1859 1921 p.
1897 1861 1991 1912 270
2020 1863 2044 1920 ξ
2073 1861 2167 1909 130
2199 1864 2319 1923 χθὲς
2599 1864 2627 1937 ἰ)

443 1928 528 1983 μὲν
550 1925 630 1973 οὖν
652 1927 744 1972 καὶ
776 1925 940 1986 πρῴην
966 1927 1123 1986 [ἐχθὲς
1157 1925 1212 1985 Q
1223 1925 1258 1988 J,
1295 1925 1426 1973 Plat.
1453 1924 1604 1983 Gorg.
1627 1925 1724 1975 470
1749 1924 1796 1971 D
1818 1927 1883 1973 τὰ
1900 1926 2037 1985 ἐχθὲς
2058 1926 2192 1986 [χθὲς
2213 1925 2317 1974 duo
2625 1940 2626 1943 ’

442 1987 826 2048 Οοᾶᾶ.]......καὶ
861 1988 1038 2050 πρῴην,
1063 2003 1139 2038 111.
1164 1989 1313 2049 Legg.
1339 1989 1432 2040 677
1461 1988 1507 2036 D
1541 1991 1653 2049 χθὲς
1685 1990 1763 2036 καὶ
1797 1987 1974 2051 πρῴην.
2046 1988 2160 2037 Vid.
2183 1989 2316 2040 Lob.

444 2051 510 2100 ad
551 2051 825 2113 Phrynioh.
870 2066 918 2113 p.
970 2054 1081 2100 323.
1155 2053 1393 2100 Ceterum
1438 2051 1774 2100 Grammatiei
1810 2056 1931 2100 sunt
1974 2052 2063 2113 qui
2103 2052 2319 2101 tradunt

441 2119 555 2178 χθὲς
576 2116 860 2164 Atticorum
890 2130 1001 2165 esse
1030 2116 1311 2177 proprium,
1336 2118 1472 2176 ἐχθὲς
1503 2118 1676 2164 autem
1699 2117 1995 2175 Ἑλληνικόν·
2030 2130 2074 2164 e.
2084 2131 2129 2176 g.
2154 2117 2315 2165 Moer.

444 2196 491 2242 p.
521 2181 632 2228 402.
700 2179 909 2228 Veriora
943 2180 1085 2228 doeet
1119 2180 1299 2228 Thom.
1334 2181 1466 2241 Mag.
1493 2194 1541 2240 p.
1572 2181 1665 2229 913
1692 2179 1877 2228 collato
1896 2179 2154 2240 Aristoph.
2178 2180 2316 2229 Nub.

449 2246 541 2296 175
568 2246 704 2305 ἐχθὲς
727 2246 778 2293 δέ
805 2244 856 2306 ’γ’
882 2247 991 2303 ἡμῖν
1014 2248 1197 2293 δεῖπνον
1223 2248 1304 2292 οὐκ
1326 2245 1385 2302 ἥν
1414 2246 1632 2304 ἑσπέρας.
1699 2243 1773 2292 Cf.
1804 2243 1921 2292 Pao-
1957 2245 2035 2301 72,
2063 2245 2170 2301 197,
2195 2245 2310 2295 260.

445 2308 579 2372 [χθὲς
596 2308 654 2356 F.
681 2308 736 2368 Q.
763 2311 789 2369 ἓ
812 2309 950 2369 231.]
1080 2310 1388 2357 ἀπωλωλέκει
1408 2308 1466 2356 F.
1497 2308 1556 2357 Y.
1621 2306 1732 2357 Vid.
1774 2306 1840 2355 ad
1871 2311 1897 2368 S
1934 2307 2317 2370 (ἰὰ-παραι-

444 2375 598 2421 τεῖται
621 2371 679 2422 Ο.
707 2374 744 2422 t.
768 2386 817 2420 11.
862 2374 1369 2434 &Q——vapavmtas
1402 2372 1460 2421 F.
1501 2371 1558 2421 O.
1589 2372 1629 2419 t.
1653 2385 1705 2419 u.
1726 2385 1776 2419 v.
1842 2374 2084 2435 παροινίας
2119 2372 2312 2423 Aneod.

443 2436 600 2485 Bekk.
627 2449 676 2497 p.
709 2437 819 2494 163,
844 2439 889 2484 8.
1024 2440 1323 2497 παρανομίας,
1349 2438 1427 2485 καὶ
1458 2437 1623 2495 μανίας
1655 2437 1731 2483 καὶ
1764 2439 2011 2497 παροινίας
2030 2436 2162 2496 vulg.
2192 2439 2319 2486 ante

444 2500 614 2548 anx.
674 2499 773 2548 Sed
795 2503 1014 2561 παροινία
1033 2500 1119 2548 hie
1155 2500 1321 2548 locum
1346 2501 1466 2547 ‘non
1496 2499 1668 2557 habet,
1711 2500 1762 2547 et
1795 2499 1946 2547 facile
1982 2502 2221 2562 παράνοια
2256 2500 2318 2550 in

439 2569 713 2624 utrumque
735 2567 1042 2626 corruptum.
1116 2563 1200 2613 Sio
1224 2578 1308 2612 111.
1329 2563 1463 2614 Phil.
1490 2577 1541 2624 p.
1571 2563 1666 2610 124
1685 2566 1713 2624 5
1736 2563 1800 2612 54
1815 2567 2058 2625 παροινίας
2080 2563 2143 2613 Ο.

439 2711 571 2759 form
614 2710 705 2760 the
748 2709 1110 2759 constitutions
1141 2710 1198 2758 of
1234 2708 1325 2758 the
1419 2710 1546 2767 lent,
1570 2709 1684 2758 who
1702 2722 1835 2758 were
1854 2707 1913 2757 in
1942 2722 1973 2757 a
1992 2707 2223 2769 position
2253 2712 2312 2758 at

441 2774 636 2824 several
664 2778 822 2824 states
853 2775 1059 2836 adopt.”
1126 2775 1228 2822 For
1259 2776 1322 2823 τὰ
1423 2788 1547 2822 once
1564 2773 1925 2834 commanding
1938 2772 2191 2821 influenee
2213 2773 2319 2822 and

442 2838 593 2902 κύρια,
628 2853 710 2888 see
739 2853 808 2887 on
844 2843 870 2900 ς
905 2841 1016 2887 205.
1095 2838 1322 2899 Taylor’s
1423 2836 1629 2898 fraught
1682 2837 1807 2885 with
1869 2837 2062 2897 danger
2114 2839 2169 2885 to
2221 2837 2317 2885 the

440 2907 484 2953 ol
513 2907 687 2952 πολλοὶ
720 2903 766 2951 is
804 2903 1052 2964 speeious‚
1084 2902 1178 2951 but
1217 2916 1319 2949 oer—
1425 2901 1741 2962 eommunity
1762 2901 1816 2948 of
1844 2901 2012 2949 which
2033 2900 2157 2962 they
2186 2915 2320 2950 were

438 2967 603 3029 tainly
626 2981 809 3028 wrong,
837 2981 894 3015 as
917 2966 1007 3015 the
1027 2966 1191 3014 words
1223 2966 1320 3013 im·
1423 2965 1691 3013 members.
1759 2965 1854 3014 See
1906 2965 1998 3014 the
2049 2979 2230 3013 names
2261 2965 2319 3014 oi

436 3031 709 3093 mediately
728 3030 984 3091 following
1000 3030 1149 3079 sheW.
1218 3031 1320 3078 The
1423 3030 1618 3078 several
1655 3029 1709 3077 of
1749 3028 1897 3079 these
1938 3028 2004 3077 de
2044 3028 2227 3078 Coton.
2261 3043 2314 3091 p.

438 3110 587 3158 many
641 3094 806 3143 would
873 3094 982 3142 side
1047 3093 1172 3142 with
1233 3093 1321 3142 the
1424 3095 1518 3142 241
1541 3096 1566 3152 ἕ
1588 3094 1667 3143 48.

438 3161 705 3220 yoverniny
729 3160 854 3222 body
877 3159 995 3221 only
1015 3157 1073 3206 in
1102 3172 1133 3206 a
1166 3159 1322 3206 demo-
1484 3161 1511 3218 5
1533 3158 1644 3206 295.
1710 3157 1985 3218 ἡγεμονίαν]
2018 3161 2051 3185 “
2070 3155 2183 3205 'rho
2203 3155 2320 3207 rule

439 3226 652 3272 cratical
671 3230 816 3282 state,
837 3222 1062 3271 whereas
1101 3224 1176 3270 all
1209 3236 1319 3270 con-
1423 3219 1676 3271 exeroised
1716 3220 1784 3283 by
1822 3235 1854 3269 a
1891 3220 2153 3281 sovereign
2182 3222 2319 3270 state

436 3289 690 3336 stitutione
728 3289 787 3350 os
823 3289 1071 3335 whatever
1102 3292 1205 3334 sort
1236 3298 1321 3333 are
1425 3299 1545 3332 over
1574 3284 1668 3333 her
1699 3285 1945 3334 vessels.”
2090 3287 2319 3344 ἡγεμονία

438 3349 558 3398 here
580 3351 836 3412 expressly
855 3349 1165 3399 mentioned.
1212 3349 1321 3397 The
1426 3348 1530 3397 and
1553 3351 1734 3409 ἀξίωμα
1758 3363 1843 3398 are
1863 3347 2036 3410 joined
2051 3348 2115 3396 de
2130 3349 2316 3397 Coron.

437 3415 569 3462 term
591 3417 634 3462 οἱ
663 3418 889 3477 γνώριμοι
911 3417 986 3476 (so
1007 3428 1242 3461 common
1263 3413 1323 3461 in
1423 3426 1471 3473 p.
1496 3414 1591 3461 246
1615 3417 1641 3473 ς
1666 3413 1745 3462 65.
1809 3412 1911 3461 For
1941 3412 2032 3461 the
2060 3411 2231 3461 affairs
2264 3412 2320 3461 oi

438 3477 723 3526 Aristotle’s
777 3478 1012 3527 Polities:
1078 3491 1160 3525 see
1212 3477 1323 3525 also
1426 3476 1675 3538 Thessaly
1726 3479 1781 3526 at
1854 3476 1962 3525 this
2036 3475 2182 3535 time,
2230 3489 2320 3524 see

439 3541 585 3589 Dem.
624 3540 686 3588 de
712 3540 956 3591 Cherson.
992 3555 1043 3601 p.
1079 3541 1172 3589 106
1194 3543 1219 3600 ἓ
1241 3542 1321 3599 66,
1426 3541 1630 3589 Thirlw.
1675 3554 1743 3591 π.
1788 3540 1850 3589 12
1885 3542 2222 3602 Ῑοῑῑ.--τὰς
2267 3543 2319 3589 ἐν

441 3603 632 3663 [Dem.]
662 3603 826 3663 Epist.
869 3619 928 3652 11.
969 3618 1019 3664 p.
1060 3605 1184 3653 1468
1213 3608 1239 3665 g
1268 3607 1319 3666 5)
1419 3604 1585 3656 Ἤλιδι
1617 3606 1831 3668 σφαγάς]
1896 3603 2101 3655 Thirlw.
2127 3618 2198 3654 vx.
2232 3604 2317 3663 17.

442 3667 634 3727 applies
663 3668 719 3714 to
751 3680 871 3714 men
903 3668 956 3716 oi
985 3667 1123 3716 birth
1156 3682 1214 3716 or
1247 3670 1320 3717 ta·
1426 3669 1500 3718 18.
