2667 4142
760 187 881 251 DE
937 186 1222 251 FALSA
1277 184 1799 252 LEGATIONE.
2092 187 2215 248 123

345 342 505 407 δονθ’
558 342 622 409 οἷ
667 343 987 428 πρέσβεις,
1038 343 1119 407 τὰ
1165 341 1217 407 δ’
1265 341 1532 428 ὑμέτερα
1577 340 1748 407 οὗτοι
1794 339 2216 425 πεπράκασιν.

350 446 549 529 [ἀλλὰ
593 445 664 524 νὴ
708 447 834 510 Δία
880 445 1021 513 τούς
1066 444 1438 528 συμμάχους
1488 441 1888 524 ἀπειρηκέναι
1928 441 2090 525 φησὶ
2133 442 2223 524 τῷ

344 545 655 631 πολέμῳ]
746 545 842 610 ὅτι
869 545 991 629 «γὰρ
1022 542 1195 609 ταῦθ’
1226 543 1388 609 οὕτω
1427 543 1805 627 πέπρακται,
1838 541 1945 607 καὶ
1985 541 2056 605 ἐκ
2098 543 2222 604 τῶν

346 648 701 714 ἐπιλοίπων
730 647 824 712 ἔτι
852 651 1105 726 μᾶλλον
1134 645 1397 710 εἴσεσθε,

470 749 732 830 Ἐπειδὴ
775 748 898 836 γὰρ
935 747 975 828 ἦ
1014 749 1130 829 μὲν
1169 748 1376 833 εἰρήνη
1414 747 1595 816 τέλος
1635 743 1803 831 εἶχεν
1840 742 1997 825 αὕτη
2035 744 2075 823 ἦ
2110 751 2222 812 τοῦ
2254 753 2363 812 150

345 850 796 933 Φιλοκράτους,
828 849 867 933 ᾖ
909 853 1201 914 συνεῖπεν
1240 844 1435 921 οὗτος,
1467 845 1530 912 οἱ
1567 845 1634 910 δὲ
1673 844 1981 932 πρέσβεις
2019 845 2220 933 ἀπήρ-

345 979 541 1018 κεσαν
585 951 648 1017 οἱ
693 957 806 1017 τοῦ
856 950 1195 1016 Φιλίππου
1234 948 1242 1034 Ι
1277 950 1590 1028 λαβόντες
1635 949 1775 1019 τοὺς
1825 946 2043 1035 ὅρκους
2092 950 2219 1032 (καὶ
2248 952 2369 1028 388

342 1054 536 1138 μέχρι
565 1053 787 1117 τούτου
812 1078 886 1135 «γε
914 1050 1089 1116 οὐδὲν
1119 1049 1463 1131 ἀνήκεστον
1489 1049 1567 1129 ἦν
1595 1052 1721 1115 τῶν
1747 1049 2217 1136 πεπραγμένων,

345 1154 494 1220 ἀλλ’
525 1153 769 1242 αἰσχρὰ
806 1153 922 1233 μὲν
949 1151 987 1234 ἡ
1019 1151 1227 1235 εἰρήνη
1257 1151 1365 1217 καὶ
1393 1150 1619 1233 ἀναξία
1648 1155 1758 1231 τῆς
1785 1154 2047 1227 πόλεως,
2080 1152 2222 1217 ἀντὶ

347 1253 412 1319 δὲ
456 1255 692 1320 τούτων
734 1252 808 1334 δὴ
852 1255 933 1318 τὰ
969 1253 1295 1333 θαυμάσια
1331 1251 1542 1333 ὠγαθιὶ
1576 1248 1727 1333 ἡμῖν
1769 1252 2035 1331 ἔμελλεν
2083 1252 2217 1317 ἔσε-

220 1359 319 1432 165
348 1355 546 1438 σθαι),
583 1353 796 1437 ἠξίουν
835 1352 991 1435 ὑμᾶς
1034 1353 1157 1435 ε’·γω
1194 1353 1302 1418 καὶ
1341 1352 1580 1422 τούτοις
1619 1353 1841 1434 ἔλεγον
1878 1357 2068 1419 πλεῖν
2108 1354 2220 1432 τὴν

347 1454 664 1542 ταχίστην
716 1454 811 1539 ἐφ’
861 1453 1353 1534 Ἑλλησπόντου
1403 1454 1509 1519 καὶ
1563 1453 1651 1536 μὴ
1708 1452 2019 1538 προέσθαι
2076 1454 2218 1535 μηδ’

269 1598 299 1623 ι.
347 1556 534 1621 ἐᾶσαι
564 1560 911 1645 κατασχεῖν
939 1555 1277 1621 Φίλιππον
1302 1554 1557 1636 μηδέν’
1526 1582 1593 1621 εν
1628 1559 1718 1641 τῷ
1749 1558 1982 1640 μεταξὺ
2012 1558 2219 1645 χρόνῳ

346 1661 470 1723 τῶν
500 1661 630 1724 ἐκεῖ
661 1659 922 1746 χωρίων.
996 1657 1165 1742 ᾔδειν
1191 1659 1316 1745 «γὰρ
1347 1657 1683 1745 ἀκριβῶς“
1653 1686 1750 1724 οτι
1777 1658 2043 1738 πάνθ’,”
2015 1661 2111 1726 οσ’
2142 1661 2219 1729 ἂν
2249 1677 2353 1736 151

215 755 316 822 164

346 1840 481 1902 quod
523 1839 859 1902 objectionem
899 1840 1356 1903 refutes—ond
1391 1839 1525 1901 RQ.
1551 1840 1611 1891 Ο,
1635 1841 1687 1888 k.
1713 1842 1750 1889 t.
1786 1855 1838 1889 u.
1866 1855 1916 1890 ν.
1951 1840 2032 1891 A1.
2063 1841 2142 1891 A’.
2167 1845 2218 1892 et

347 1968 473 2002 corr.
499 1969 539 2003 s.
562 1903 689 2015 2233
706 1955 765 2004 B.
833 1956 978 2014 φήσει
998 1955 1165 2001 anx.
1190 1953 1361 2001 Vonu.
1431 1953 1544 2003 vid.
1569 1954 1681 2016 mig
1705 1955 1816 2003 130.

439 2019 601 2079 §164-
668 2019 942 2082 ἀπήρκεσαν
981 2018 1146 2067 ΒΕΚΚ.
1193 2019 1265 2080 [et
1309 2018 1396 2079 st.]
1450 2018 1607 2067 Dnu).
1740 2022 1936 2077 ἔμελλεν
1979 2018 2029 2069 S.
2089 2020 2212 2068 Edi-

350 2084 606 2206 ιοωέᾟὸὲῖ.
673 2146 797 2205 ἡμᾶς
819 2146 875 2206 Q.
898 2146 994 2194 En.
1021 2145 1197 2194 Tmuc.
1232 2147 1321 2204 τὴν
1344 2145 1420 2206 ἐφ’
1439 2145 1578 2194 Ἑλλ.
1612 2145 1671 2192 F.
1688 2146 1746 2206 Q.
1783 2160 1911 2207 quae
1926 2147 2215 2196 Herodotea

346 2224 449 2257 non
492 2210 661 2258 Attica
700 2210 1132 2258 locutio—r&
1170 2212 1271 2259 ἐκεῖ
1303 2228 1351 2257 τι
1394 2209 1453 2257 F.
1469 2209 1528 2257 Y.
1549 2209 1608 2270 Q.
1634 2209 1690 2258 0.
1714 2224 1757 2258 r.
1780 2212 1816 2259 t.
1846 2225 1896 2259 u.
1920 2226 1967 2260 v.
2040 2216 2073 2240 ‘⁶
2093 2213 2216 2261 Jure

347 2273 534 2322 delevit
566 2273 778 2322 Bekker.
847 2274 1012 2322 Tanta
1046 2273 1186 2321 enim
1221 2273 1598 2334 intercapedine
1635 2291 1683 2322 τι
1721 2287 1752 2321 a
1781 2277 1925 2333 μηδὲν
1960 2289 2215 2337 nusquam

1332 2435 1485 2491 πλεῖν,
1529 2435 1610 2482 καὶ
1642 2435 1822 2484 τούτοις
1854 2437 2024 2496 ἔλεγον
2051 2438 2209 2493 πλεῖν,

350 2499 495 2548 “'l'he
548 2512 703 2574 peace
756 2512 857 2547 was
919 2498 1223 2546 concluded:
1328 2497 1376 2544 is
1414 2496 1658 2558 certainly
1711 2501 1748 2524 ‘⁸
1762 2499 2068 2547 constructio
2107 2514 2213 2549 sca-

347 2563 432 2611 the
453 2562 792 2623 negotiations
817 2562 1104 2623 respecting
1139 2562 1229 2609 the
1329 2560 1469 2621 bra,''
1505 2574 1561 2609 as
1602 2559 1837 2610 Schaefcr
1870 2561 2060 2624 rightly
2089 2565 2214 2613 calls

346 2641 497 2702 peace
517 2640 645 2674 were
677 2625 891 2674 endedst’
957 2629 1092 2675 τέλος
1127 2628 1228 2686 εἶχε
1329 2625 1388 2672 it.
1522 2624 1857 2700 κατασχεῖν]·
1864 2629 1944 2674 ‘to
1967 2626 2214 2681 establish

407 2435 568 2495 5164.
638 2436 671 2494 ἡ
713 2436 870 2497 εἰρήνη
904 2436 1039 2484 τέλος
1082 2435 1227 2495 εἶχεν]

343 2692 400 2739 in
421 2705 452 2739 a
485 2689 761 2738 somewhat
798 2686 1032 2738 different
1069 2689 1227 2750 appli-

345 2755 514 2803 cation
538 2756 690 2814 (came
713 2761 762 2802 to
784 2769 853 2801 απ
873 2755 987 2814 end)
1011 2757 1037 2814 ς
1061 2754 1170 2805 137

409 2821 522 2870 388.
557 2820 583 2877 ἓ
617 2818 726 2866 164.
794 2817 897 2865 ἀντὶ
954 2820 1005 2866 δὲ
1050 2821 1228 2866 τούτων

345 2884 518 2944 κ.τ.λ.]
554 2887 583 2910 “
600 2882 703 2929 But
724 2894 781 2929 as
803 2896 834 2929 a
858 2880 1025 2929 set-off
1046 2883 1099 2928 to
1123 2881 1227 2929 this

345 2950 418 3005 <in
441 2948 544 2994 lieu
565 2947 765 3008 osthis:
803 2946 925 2994 ἀντί·
961 2959 1043 2993 see
1065 2948 1091 3005 g
1111 2945 1223 3007 102)

254 3048 260 3057 .
343 3009 573 3057 forsooth
618 3008 765 3057 those
806 3008 1085 3056 wonderful
1138 3009 1223 3057 ad-

343 3077 584 3133 vantages
603 3087 730 3120 were
752 3075 805 3120 to
839 3086 1016 3120 accrue
1037 3074 1091 3119 to
1113 3076 1225 3185 us)I

407 3137 564 3198 §165-
633 3139 788 3196 ἠξίουν
821 3137 936 3192 ὑμᾶς
978 3137 1158 3197 ἐγώ]“

342 3201 503 3249 called
525 3215 663 3262 upon
683 3215 784 3262 you
806 3199 923 3262 (and
937 3200 1046 3248 told
1061 3136 1225 3260 themI)

342 3268 396 3313 to
441 3264 537 3313 sail
589 3278 647 3312 as
696 3279 821 3312 soon
855 3278 912 3312 as
952 3264 1225 3324 possiblsss’

345 3331 501 3388 ἠξίουν
532 3330 650 3388 ὑμᾶς
681 3331 821 3377 πλεῖν
848 3327 895 3376 is
926 3342 1046 3389 very
1078 3330 1227 3376 natu-

345 3393 419 3440 tal
444 3392 545 3456 (i.e.
581 3392 649 3453 by
674 3406 801 3453 your
836 3391 1222 3449 ambassadors),

345 3456 447 3504 and
461 3455 627 3504 would
652 3456 782 3504 have
806 3454 990 3504 caused
1009 3470 1077 3502 no
1099 3455 1226 3503 diffi-

345 3519 483 3582 culty
523 3520 567 3567 if
598 3519 641 3567 it
681 3533 809 3567 were
861 3521 953 3566 not
1007 3518 1085 3567 for
1138 3519 1226 3567 the

345 3583 712 3644 parenthetical
768 3582 1020 3631 insertion
1063 3583 1116 3630 of
1149 3586 1228 3633 καὶ

346 3651 521 3698 τούτοις
542 3651 725 3709 ἔλεγον.
790 3647 894 3695 But
918 3649 1072 3707 ἠξίουν
1104 3645 1226 3706 ἡμᾶς

1329 2688 1537 2736 himself
1566 2689 1624 2737 in
1665 2688 1754 2738 the
1787 2690 2077 2751 possession
2112 2692 2214 2741 of.''

1330 2752 1438 2800 The
1462 2761 1592 2801 teme
1621 2752 1866 2814 implies‘
1874 2756 1959 2801 ‘to
1994 2762 2075 2815 yet
2099 2770 2212 2816 pos-

1328 2816 1554 2874 session‚'
1559 2815 1698 2865 ’tho
1735 2819 1868 2866 word
1922 2821 2020 2866 “to
2047 2824 2214 2868 retain

1326 2880 1630 2940 possession.
1640 2880 1665 2903 ’'
1726 2880 1829 2929 For
1865 2886 2082 2943 κατέχειν
2114 2885 2210 2946 (ob-

1328 2947 1504 3005 tinere)
1549 2943 1771 3005 opposed
1802 2947 1855 2992 to
1899 2949 2098 3006 κρατεῖν,
2155 2962 2212 2995 οι·

1328 3007 1703 3072 κατεργάζεσθαι
1774 3009 2062 3071 (occupare),
2128 3025 2211 3060 see

1329 3070 1554 3133 Thucyd.
1599 3087 1667 3120 VI.
1709 3073 1768 3120 11
1806 3076 1957 3122 καίτοι
1989 3077 2094 3123 τοὺς
2127 3079 2213 3133 μὲν

1330 3137 1845 3198 κατεργασάμενοι
1907 3137 1996 3186 κᾶν
2066 3143 2209 3188 κατά.-

1328 3215 1538 3259 σχοιμεν·
1563 3202 1660 3247 τῶν
1681 3203 1731 3248 δὲ
1753 3203 1794 3247 εἰ
1814 3203 1889 3249 καὶ
1903 3204 2210 3263 κρατήσαι-

1326 3281 1442 3321 μεν,
1478 3266 1556 3313 διὰ
1587 3265 1771 3312 πολλοῦ
1803 3282 1865 3326 ’γε
1902 3268 1980 3314 καὶ
2018 3269 2214 3316 πολλῶν

1328 3328 1480 3375 ὄντων
1500 3328 1725 3388 χαλεπῶς
1756 3330 1812 3376 ἂν
1845 3331 2007 3391 ἄρχειν
2046 3332 2114 3389 (to
2135 3348 2211 3380 re-

1328 3393 1443 3440 tain
1464 3406 1554 3439 our
1574 3406 1709 3471 sway
1732 3407 1845 3441 over
1878 3395 2024 3455 them)
2062 3397 2209 3444 δυναί-

1326 3458 1466 3513 μεθα·
1523 3453 1718 3514 ιίνόητον
1759 3458 1798 3503 δ’
1844 3459 1925 3505 ἐπὶ
1977 3461 2211 3510 τοιούτους

1327 3521 1462 3576 ἱέναι,
1481 3518 1543 3566 ὦν
1558 3521 1932 3581 κρατήσαςτε
1952 3525 2019 3581 μὴ
2043 3541 2208 3572 κατα-

1329 3586 1547 3642 σχήσει
1580 3601 1649 3632 τις
1687 3588 1832 3633 κ.τ.λ.
1900 3584 1987 3645 Cp.
2034 3587 2064 3635 9
2104 3590 2211 3635 οὔτε

1322 3646 1460 3708 ρᾴδιά,
1516 3650 1619 3696 ἐστι
1673 3652 1997 3710 κατασχεῖν
2051 3652 2127 3711 ἐφ’
2179 3654 2211 3699 ἃ.
