2667 4142
739 269 859 333 DE
916 268 1199 335 FALSA
1260 267 1789 334 LEGATIONE.
2093 271 2204 336 ’67

325 426 443 509 μὲν
477 423 601 509 1’γὰρ
639 423 871 515 χρόνον
909 426 1032 517 οὐχ
1072 425 1197 496 οἶός
1234 424 1289 491 τ’
1318 426 1397 507 ἦν
1431 426 1640 491 ἐλθεῖν
1678 426 1713 491 ὁ
1742 421 2073 494 Φίλιππος
2102 423 2208 488 διὰ

328 529 440 609 τὴν
498 528 745 614 εἰρήνην
800 528 946 595 ἀλλ’
1005 529 1083 611 ἦν
1141 531 1207 595 ἐν
1263 533 1655 615 παρασκευῇ,
1707 531 1846 598 τοὺς
1902 526 2208 593 Λακεδαι-

325 634 574 715 μονίονς
623 634 1078 718 μετεπέμπετο,
1126 634 1343 700 πάντα
1400 632 1485 699 τὰ
1539 632 1864 719 πράγμαθ’
1925 631 2208 720 ὑποσχό-

326 759 509 816 μενος
558 735 824 823 πράξειν
880 736 1152 817 ἐκείνοις,
1215 735 1322 803 ἵνα
1376 739 1465 820 μὴ
1526 737 1604 803 δι’
1663 737 1832 819 ὑμῶν
1880 734 2103 806 αὐτοὺς·
2150 736 2216 801 οἱ

231 847 299 917 87
330 841 574 910 Φωκεῖς
621 838 1151 920 ὑποποιήσωνται.
1240 842 1453 923 ἐπειδὴ
1500 841 1568 908 δὲ
1625 842 1773 924 ἧκεν
1829 842 1916 912 εἷς
1967 841 2206 918 Πύλας,
2236 863 2304 922 77

327 940 392 1006 οἱ
437 939 920 1025 Λακεδαιμόνιοι
978 942 1029 1008 δ’
1079 943 1444 1026 αἰσθόμενοι
1494 946 1609 1026 τὴν
1666 944 1915 1030 ἐνέδραν
1964 944 2208 1032 ὑπεχώ-

325 1071 549 1128 ρησαν,
600 1050 823 1112 τοῦτον
857 1044 937 1111 αὖ
977 1047 1381 1131 προκαθῆκεν
1425 1048 1752 1131 ἐξαπατᾶν
1791 1046 1948 1129 ὑμᾶς
1989 1046 2090 1112 ἵνα
2123 1045 2210 1127 μὴ

326 1147 530 1214 πάλιν
581 1147 753 1231 ὑμῶν
799 1148 1197 1231 αἰσθομένων
1244 1148 1343 1215 ὅτι
1389 1150 1705 1231 Θηβαίοις
1743 1150 1826 1215 τὰ
1861 1148 2212 1235 πράγματα

327 1249 598 1334 πράττει
635 1251 721 1322 εἷς
760 1251 1024 1340 χρόνους
1064 1252 1170 1318 καὶ
1210 1253 1494 1335 πόλεμον
1532 1254 1640 1318 καὶ
1676 1253 1904 1341 τριβὴν
1943 1254 2209 1340 ἐμπέσῃ,

329 1354 451 1416 τῶν
471 1352 589 1434 μὲν
611 1354 884 1419 Φωκέων
906 1351 1305 1435 ἀμυνομένων
1324 1352 1494 1435 ὑμῶν
1523 1352 1592 1418 δὲ
1617 1353 2035 1436 βοηθούντων,
2061 1353 2210 1420 ἀλλ’

329 1452 570 1519 ἀκονιτὶ
598 1455 787 1519 πάνθ’
832 1454 937 1542 ὑφ’
968 1455 1169 1542 ἑαυτῷ
1201 1453 1571 1536 ποιήσηται·
1618 1451 1774 1542 ὅπερ
1803 1455 1912 1520 καὶ
1941 1456 2207 1540 «γέγονεν.

328 1556 413 1636 μὴ
444 1555 554 1622 οὖν
581 1556 682 1623 ὅτι
712 1557 818 1623 ’καὶ
853 1556 1387 1638 Λακεδαιμονίους
1419 1558 1527 1622 καὶ
1557 1558 1817 1627 Φωκέας
1847 1558 2212 1641 ἐξηπάτησε

330 1659 680 1738 Φίλιππος,
739 1660 843 1725 διὰ
897 1660 1073 1726 ταῦθ’
1135 1659 1219 1726 ὦν
1276 1659 1437 1742 ὑμᾶς
1482 1659 1658 1731 οὗτος
1711 1661 2075 1744 ἐξηπάτησε
2124 1660 2212 1744 μὴ

330 1760 490 1827 δότω
524 1763 718 1845 δίκην·
751 1761 822 1828 οὗ
851 1762 973 1851 1’γὰρ
1003 1761 1255 1829 δίκαιον.

329 1981 488 2016 manu
533 1964 920 2028 interpretantis
936 1963 966 1988 '¹
1004 1962 1221 2014 Scumr.
1309 1964 1481 2013 Immo
1512 1967 1640 2013 male
1672 1966 2018 2025 intelliqentis.
2085 1964 2206 2013 Mox

331 2035 455 2090 μετὰ
488 2030 669 2080 Bmsx.
706 2030 872 2080 anx.
917 2031 967 2077 et
1007 2031 1072 2077 st.
1116 2031 1176 2076 ut
1222 2042 1281 2076 11.
1328 2028 1552 2089 Philipp.
1597 2042 1648 2089 p.
1695 2028 1756 2079 67
1804 2031 1831 2089 ἕ
1872 2030 1918 2079 7.
1988 2028 2088 2077 Sed
2130 2032 2211 2078 διὰ

330 2096 386 2144 F.
416 2095 467 2145 S.
485 2095 547 2144 O.
571 2097 608 2145 t.
634 2109 684 2143 u.
703 2108 752 2142 V.
771 2093 860 2142 alii
881 2096 1008 2154 puto
1033 2095 1174 2153 (nam
1196 2092 1434 2140 Lambin.
1459 2092 1550 2153 qui
1577 2092 1635 2140 in
1655 2093 1800 2140 textu
1824 2093 1901 2141 διὰ
1919 2092 2000 2140 uti
2034 2093 2208 2153 vulga-

330 2160 482 2208 batur
499 2161 620 2208 ante
642 2158 822 2207 Rmsx.
845 2156 1053 2205 nonnisi
1076 2172 1107 2206 a
1127 2161 1214 2220 βπ.
1238 2159 1290 2205 et
1315 2159 1392 2205 δ’.
1417 2156 1544 2204 citat
1558 2156 1699 2221 μετά)
1724 2155 1823 2205 Ed.
1843 2156 2020 2207 Tumc.
2049 2156 2210 2205 Dmn.

573 2223 702 2272 Infr.
729 2223 1022 2280 ποιήσωνται
1045 2220 1097 2271 S.

425 2289 552 2347 587.
628 2288 829 2335 ἀκονιτεὶ
852 2299 929 2346 pr.
973 2284 1025 2335 S.
1093 2284 1230 2335 οὗτος
1271 2287 1392 2333 ante
1427 2282 1729 2344 ἐξηπάτησεν
1765 2298 1865 2333 om.
1912 2298 1962 2345 p.
2010 2282 2061 2334 S.
2105 2284 2203 2334 En.

331 2351 511 2400 Tumc.
550 2351 649 2400 Sed
668 2350 945 2398 manifesto
968 2349 1177 2410 subject.
1199 2349 1353 2397 verbo
1375 2351 1454 2397 est
1477 2347 1769 2396 Aeschines.
1804 2348 1985 2408 Itaque
2004 2348 2209 2397 etiamsi

331 2417 521 2465 Graece
542 2414 684 2463 haud
715 2429 831 2462 raro
862 2415 935 2462 sic
974 2412 1244 2474 derepente
1277 2413 1497 2473 subjecta
1531 2411 1723 2460 mutari
1761 2412 1972 2472 soleant,
2010 2427 2207 2473 nequeo

330 2483 503 2529 tamen
526 2478 724 2537 adduci,
748 2492 866 2527 cum
898 2477 1196 2538 praesertim
1229 2476 1421 2525 omisso
1457 2476 1511 2524 h.
1530 2476 1562 2524 1,
1597 2475 1899 2537 pronomine
1933 2478 2208 2537 utrumque

329 2546 633 2604 ἐξηπάτησεν
670 2542 738 2592 ad
772 2542 1067 2603 Philippum
1105 2554 1256 2589 nemo
1288 2555 1396 2588 non
1433 2539 1683 2600 retulerit,
1722 2543 1782 2588 ut
1815 2542 2020 2602 propter
2053 2540 2207 2589 unius

334 2607 454 2657 Cod.
481 2607 844 2657 auctoritatem
868 2605 1142 2654 delendum
1164 2618 1418 2654 censeam.

331 2223 502 2273 Vomff.

328 2775 521 2836 packed
542 2774 771 2836 together
802 2773 859 2821 in
882 2772 971 2821 the
993 2772 1215 2821 destruc-

329 2841 438 2887 tion
497 2840 551 2888 of
603 2840 692 2888 the
746 2836 1046 2886 Phocians.’'
1121 2837 1214 2886 See

329 2907 506 2954 Annot.
540 2904 875 2952 Oria—6⁶&
902 2905 991 2961 τὴν
1012 2900 1213 2964 εἰρήνην]

333 2969 544 3029 “owing
584 2971 640 3015 to
674 2967 764 3016 the
801 2965 1004 3026 peace,''
1046 2966 1216 3014 which

329 3045 429 3080 was
460 3034 554 3080 not
581 3034 669 3093 yet
697 3029 895 3088 settled,
926 3030 1020 3078 but
1053 3029 1218 3078 under

331 3096 666 3156 negotiation.
798 3097 904 3144 τοὺς
959 3096 1018 3144 Λ.
1079 3110 1217 3153 μετε-

330 3162 568 3222 πέμπετο]
601 3159 801 3208 Thirlw.
824 3172 871 3207 v.
894 3158 1006 3208 366.

391 3229 418 3285 ὅ
439 3227 518 3276 87.
591 3223 685 3274 See
707 3226 733 3284 ξ
766 3223 1215 3285 55.--προκαθῆ-

332 3290 426 3351 κεν]
460 3293 492 3317 “
512 3288 596 3336 He
620 3294 734 3335 sent
755 3286 866 3334 him
888 3286 1002 3335 first
1033 3289 1088 3335 to
1116 3286 1218 3335 feel

1317 2771 1550 2821 dimittas
1604 2772 1900 2834 explorandi
1967 2775 2056 2821 aut
2117 2774 2206 2822 eli-

1315 2836 1496 2886 mandi
1526 2851 1657 2899 ergo,
1686 2840 1961 2898 antequam
1991 2840 2102 2886 tute
2134 2842 2206 2888 te-

1317 2903 1426 2950 met
1448 2900 1738 2950 demittas.’'
1784 2904 1847 2952 εἰς
1860 2905 2078 2964 ταραχὴν
2091 2921 2204 2966 προ-

1318 2968 1530 3014 καθεῖναι
1593 2969 1681 3026 τὴν
1735 2969 1878 3015 πόλιν
1939 2966 2086 3014 Dem.
2141 2967 2206 3015 de

1319 3029 1568 3090 Symmor.
1608 3044 1656 3091 p.
1688 3029 1781 3082 179
1802 3034 1828 3091 g
1852 3030 1881 3078 5
1922 3033 1988 3091 (to
2018 3033 2205 3092 plunyc

1318 3095 1399 3141 the
1431 3101 1557 3142 state
1594 3096 1735 3143 down
1768 3097 1874 3143 into
1909 3096 2204 3156 confusion).

1315 3157 1345 3205 Ι
1367 3171 1454 3206 am
1481 3160 1576 3206 not
1609 3172 1769 3206 aware
1799 3158 1914 3207 that
1948 3159 2038 3206 the
2068 3159 2207 3207 word

1315 3220 1363 3269 is
1405 3221 1532 3270 used
1584 3223 1760 3283 except
1812 3221 1869 3269 in
1912 3221 2056 3271 these
2108 3225 2206 3271 two

1317 3299 1569 3347 passages.
1593 3313 1721 3323 —
1740 3288 1809 3345 μὴ
1816 3324 1930 3335 ......
1935 3289 2004 3346 μὴ
2058 3287 2203 3351 δότω]

332 3352 417 3400 the
439 3366 549 3414 way
582 3352 662 3399 for
691 3349 951 3399 himseli.’'
1015 3350 1042 3397 I
1063 3350 1217 3398 think

333 3416 531 3464 Rmsim
583 3415 701 3463 Ind.
767 3414 985 3463 Graecit.
1051 3414 1213 3474 right:

340 3482 374 3507 ‘⁶
385 3480 608 3540 aliquem
619 3477 964 3540 praemittere,
983 3479 1217 3527 summit-

334 3545 450 3603 tere,
483 3544 780 3604 subornare,
818 3541 907 3603 qui
927 3544 1048 3591 ante
1068 3545 1219 3591 tuum

336 3608 604 3659 adventum
618 3608 810 3664 omnia,
825 3620 952 3667 quae
967 3609 1025 3654 tu
1040 3608 1220 3667 parata

337 3672 471 3732 velis,
503 3673 771 3735 praeparet
805 3672 957 3731 atque
981 3670 1218 3728 instruat,

339 3739 394 3785 ut
413 3737 455 3786 si
475 3740 534 3787 tu
554 3751 652 3792 ec.
675 3736 890 3785 fratrem
920 3734 979 3783 in
1010 3736 1223 3796 puteum

1317 3355 1349 3377 ‘⁶
1365 3350 1465 3398 Let
1501 3352 1594 3397 not
1625 3350 1767 3408 then,
1789 3349 2002 3398 because
2027 3352 2206 3414 Philip

1319 3450 1457 3474 .......
1506 3428 1574 3461 on
1616 3413 1732 3461 that
1785 3428 1924 3462 score
1976 3414 2048 3464 let
2104 3417 2206 3464 him

2094 3479 2205 3527 The

1317 3542 1505 3591 second
1541 3545 1608 3603 μὴ
1636 3542 1683 3590 is
1724 3545 1817 3590 not
1860 3558 1891 3592 a
1933 3542 2205 3605 repetition

1316 3607 1371 3654 of
1411 3606 1501 3654 the
1538 3608 1742 3665 former,
1785 3606 1879 3655 but
1920 3607 1967 3655 is
2009 3606 2206 3668 strictly

1316 3670 1491 3732 joined
1527 3670 1650 3719 with
1689 3674 1824 3722 δότω.
1890 3670 2067 3733 Comp.
2103 3672 2207 3719 An-

1317 3734 1447 3785 drot.
1470 3748 1519 3795 p,
1546 3735 1639 3785 602
1662 3738 1687 3795 ἓ
1708 3736 1788 3796 29,
1822 3738 1892 3796 μὴ
1935 3736 2012 3784 διὰ
2050 3736 2206 3784 ταῦτα

1869 3835 2031 3894 5·-‘-2

1316 3491 1497 3540 escape
1528 3477 1880 3540 punishment,
1905 3479 2029 3528 &c.”
