2667 4142
850 216 969 281 DE
1027 217 1311 283 FALSA
1368 216 1893 282 LEGATIONE.
2184 216 2305 278 201

434 377 698 449 Φωκέας
749 375 1105 464 στρατείαν,
1154 375 1225 442 οὗ
1270 380 1573 461 προεῖπεν
1618 375 1757 441 οὐδὲ
1806 375 2307 459 προεξήγγειλεν,

271 499 411 562 279
435 478 611 545 ἀλλὰ
661 478 1018 546 τούναντίον
1067 479 1431 565 συνέκρυψε
1482 479 1587 544 καὶ
1628 479 1980 561 συνέπραξε
2023 476 2130 542 καὶ
2166 476 2309 546 τοὺς

433 584 857 663 βουλομένους
900 581 1098 647 εἰπεῖν
1144 579 1539 659 διεκώλυσεν,
1593 579 1705 645 οὐκ
1745 577 2159 658 ἀναμνησθεὶς
2209 575 2306 643 ὅτι
2340 606 2452 661 249

433 680 528 761 ἧδ’
566 682 742 746 ἐστὶν
783 680 822 763 ἡ
868 680 1158 762 σώζουσα
1202 680 1310 746 καὶ
1352 680 1580 761 ταύτης
1631 681 1739 746 ἔπι
1785 684 2063 745 τελοῦσα
2105 679 2223 760 μὲν
2265 676 2305 753 ἦ

431 783 639 872 μήτηρ
667 783 856 850 αὐτοῦ
899 785 1006 849 καὶ
1047 784 1441 867 καθαίρουσα
1478 783 1585 849 καὶ
1615 782 2012 869 καρπουμένη
2043 780 2152 851 τὰς
2183 782 2307 844 τῶν

430 887 772 973 χρωμένων
806 884 1020 955 οὐσίας
1059 885 1363 973 ἐξέθρεψε
1399 885 1734 955 τοσούτους
1781 882 2093 962 τουτουσί,
2136 880 2303 947 διδά-

432 1014 605 1053 σκων
633 986 684 1052 δ’
715 986 747 1051 ὃ
775 987 987 1073 πατὴρ
1027 987 1392 1072 «γράμματα,
1426 984 1504 1056 ὥς
1544 984 1664 1068 ἐγώ
1695 989 1820 1052 τῶν
1846 983 2305 1069 πρεσβυτέρων

430 1088 653 1164 ἀκούω,
689 1089 845 1177 πρὸς
884 1093 974 1178 τῷ
1007 1093 1115 1155 τοῦ
1149 1089 1343 1177 ”Ηρω
1382 1094 1493 1154 τοῦ
1545 1089 1775 1172 ἰατροῦ,
1819 1088 1987 1159 ὅπως
2026 1085 2299 1163 ἐδύνατο,

429 1188 578 1254 ἀλλ’
610 1188 717 1255 οὖν
746 1191 812 1255 ἐν
840 1190 1038 1274 ταύτῃ
1067 1215 1142 1272 «γε
1181 1188 1301 1270 ἔζη,
1332 1186 2004 1275 ὑπογραμματεύοντες
2043 1186 2094 1251 δ’
2124 1185 2299 1254 αὐτοὶ

428 1378 530 1428 Sed
565 1381 617 1428 et
639 1393 794 1441 supra.
814 1382 843 1440 g
867 1379 959 1430 271
985 1379 1131 1438 σοφὸς
1163 1376 1220 1437 ἥν
1256 1376 1283 1426 ὁ
1317 1379 1518 1437 ποιητὴς
1556 1376 1621 1425 ad
1650 1376 1936 1426 Hesiodum
1974 1380 2212 1439 refertur,
2247 1383 2300 1430 et

423 1442 481 1491 h.
498 1444 531 1493 l.
576 1444 702 1492 citat
740 1444 1102 1503 Hermogenes,
1146 1444 1413 1502 tamquam
1453 1441 1744 1502 exemplum
1783 1443 1877 1490 τῶν
1918 1446 2147 1505 παρίσων.
2216 1445 2295 1493 cf.

424 1507 754 1556 notissimum
799 1507 1091 1564 Graculum,
1138 1508 1285 1568 σοφός
1330 1508 1596 1566 Σοφοκλῆς,
1633 1506 1904 1569 σοφώτερος
1937 1506 1980 1555 δ’
2018 1510 2286 1570 Εὐριπίδης.

423 1572 558 1620 Plat.
581 1572 734 1633 Gorg.
758 1571 854 1621 467
876 1571 919 1618 B
961 1570 998 1619 ὦ
1034 1574 1192 1631 λῷστε
1225 1571 1373 1619 Πῶλε
1406 1569 1532 1619 citat
1570 1569 1731 1619 DOBB.
1868 1573 2130 1633 στίχουσαν
2157 1573 2207 1625 S.
2231 1574 2288 1635 Q.

422 1634 592 1685 Vomt.
729 1638 981 1697 στρατείαν
999 1635 1057 1685 F.
1081 1635 1140 1695 Q.
1164 1635 1221 1683 Ο.
1251 1636 1290 1682 t.
1314 1649 1431 1682 mv.
1467 1636 1698 1696 στρατιὰν
1717 1635 1882 1695 vulgo.
1956 1635 2057 1685 Sed
2091 1641 2296 1701 στρατιὰ

419 1698 533 1814 {⁷32
551 1700 756 1813 ‘affl‘
764 1698 1424 1812 55}{.5”122224¹3⁸³2{z¹¹ss¹
1445 1698 2292 1827 ¹³37331⁶²230¹21¹2²1ffis³5³¹⁵9t⁰3²3⁸¹³⁶m·

517 1829 680 1888 5279.
753 1830 897 1877 οἰκίας
938 1827 1060 1875 libri
1101 1830 1153 1875 et
1208 1826 1467 1875 Editores.
1521 1825 1681 1876 οὐσίας
1721 1826 1851 1887 conj.
1902 1827 2087 1878 Markl.
2134 1828 2293 1878 hodie

417 1892 639 1954 reposui.
707 1891 819 1940 Vid.
851 1890 1191 1953 not.--⁷‘1'pw
1228 1890 1278 1940 S.
1321 1905 1363 1937 s.
1399 1889 1480 1938 Al.
1547 1891 1647 1949 ἥρω
1678 1890 1728 1940 k.
1774 1893 1924 1952 ἥρωος
1953 1892 2124 1953 vulgo.
2190 1893 2294 1956 ἥρω

417 1955 517 2006 En.
565 1956 747 2005 Tumc.
790 1955 951 2005 Dmn.
1010 1954 1438 2015 quemadmodum
1486 1954 1701 2002 Bekker.
1753 1956 1826 2016 [et
1865 1954 1955 2018 st.]
2000 1955 2061 2004 de
2105 1956 2288 2008 Coron.

415 2033 465 2080 p.
492 2022 586 2071 270
616 2021 643 2078 ἓ
677 2022 769 2070 129
805 2019 904 2068 Hic
928 2020 1069 2079 '‘pr
1104 2020 1191 2069 τοῦ
1224 2021 1388 2080 ἰατροῦ
1419 2018 1576 2068 Bekk.
1623 2021 1674 2067 et
1714 2021 1778 2075 at.
1856 2021 1958 2082 ἥρω
1984 2022 2075 2068 τοῦ
2099 2019 2293 2084 ’Ῑατροῦ

416 2083 585 2133 Volffl.
718 2083 846 2134 οὗτοι
879 2097 1058 2132 omnes
1097 2085 1299 2144 praeter
1340 2083 1390 2132 S.
1458 2083 1588 2132 Infr.
1628 2083 1766 2137 αὑτὰς
1811 2082 1860 2133 S.
1903 2084 1962 2134 Y.
2015 2084 2063 2134 k.
2114 2098 2154 2135 s.
2204 2086 2288 2134 Al.

414 2147 513 2200 En.
553 2149 734 2198 Tumc.
766 2148 940 2198 Voma.
985 2147 1086 2198 Sed
1126 2147 1211 2196 hic
1240 2147 1496 2209 ineptum,
1531 2160 1689 2208 supra.
1720 2150 1928 2199 tantum
1970 2161 2077 2196 non
2112 2163 2289 2199 neces·

413 2342 525 2388 σθαι
559 2341 727 2403 κ.τ.λ.]
798 2339 1063 2400 “Bidding
1096 2353 1128 2388 a
1169 2338 1292 2399 long
1408 2334 1699 2397 ἀπομάττων
1749 2338 1821 2400 τῷ
1875 2339 2019 2400 πηλῷ
2068 2341 2145 2389 καὶ
2187 2343 2288 2392 τοῖς

410 2404 628 2453 farewell
649 2408 703 2453 to
726 2404 814 2453 the
823 2411 1079 2467 poet-naqa
1098 2402 1290 2477 Sopho·
1406 2407 2061 2465 arnapam—mprova
2080 2404 2168 2453 ταῖς
2193 2408 2289 2453 τῶν

410 2467 566 2517 cles.’'
627 2470 775 2530 σοφὸς
834 2469 881 2516 is
933 2482 1001 2516 an
1053 2467 1291 2527 ordmary
1403 2483 1484 2528 χρ.
1520 2464 1698 2528 οὐσίας]
1747 2473 1780 2495 “
1796 2467 2007 2527 Making
2028 2482 2060 2516 a.
2078 2468 2286 2518 harvest

409 2532 602 2593 epithet
623 2533 677 2581 of
709 2548 739 2581 s
760 2534 893 2594 poet.
963 2530 1293 2593 Ἀνακρέοντος
1404 2531 1458 2578 of
1480 2530 1568 2578 the
1602 2531 1873 2579 substance
1906 2532 1959 2579 of
1989 2531 2138 2581 those
2168 2532 2283 2582 who

410 2595 498 2645 τοῦ
518 2599 672 2657 σοφοῦ
692 2598 824 2648 Plat.
857 2595 1072 2644 Phaedr.
1107 2594 1201 2644 235
1226 2595 1280 2645 Ο.
1404 2594 1618 2656 enioyed
1648 2595 1793 2643 her.”
1863 2595 1956 2644 See
1981 2595 2072 2644 the
2104 2600 2282 2656 quota·

411 2660 505 2709 See
524 2663 703 2711 Armet.
726 2663 851 2710 Grit.
921 2660 1024 2707 For
1060 2660 1289 2721 ἐρῤὣσθαι
1401 2657 1514 2706 tion
1562 2659 1695 2707 {rom
1748 2657 1812 2707 de
1865 2659 2044 2709 Coron.
2105 2659 2280 2709 below.

406 2725 610 2786 φράσας,
645 2740 728 2775 see
750 2724 812 2773 de
834 2725 962 2772 Pace
981 2738 1029 2784 p.
1056 2724 1117 2772 62
1145 2727 1171 2783 g
1200 2725 1278 2783 22,
1400 2722 1682 2784 According
1718 2725 1773 2770 to
1808 2722 2051 2771 Vslcken.
2078 2739 2147 2772 on
2177 2725 2281 2773 He-

405 2787 529 2838 Mid.
586 2803 639 2850 p.
694 2789 791 2838 526
842 2792 869 2852 ἓ
922 2789 1002 2838 39.
1151 2788 1283 2849 ὁμοῦ]
1398 2787 1563 2835 rodot.
1585 2802 1679 2835 vn.
1704 2787 1799 2835 224
1821 2787 2277 2850 olxosisfrequent-

411 2855 632 2901 “nean”
721 2853 815 2902 See
858 2867 925 2900 on
967 2855 994 2912 ἕ
1039 2852 1146 2902 171.
1396 2849 1451 2911 ly
1471 2865 1527 2898 so
1556 2850 1697 2911 used,
1731 2850 1825 2899 but
1861 2854 1985 2901 οἰκία
2014 2866 2180 2902 never.
2247 2853 2276 2901 Ι

404 2920 773 2979 προεξήγγειλεν
827 2919 995 2978 κ.τ.λ.]
1100 2917 1135 2941 “
1154 2915 1280 2963 Sent
1397 2918 1587 2963 cannot
1619 2915 1778 2963 doubt
1808 2914 1897 2963 the
1929 2916 2190 2978 propriety
2220 2917 2276 2966 ot

404 2981 540 3029 word
579 2980 908 3038 beforehand‚
937 2980 1030 3027 but
1075 2993 1144 3027 on
1190 2979 1280 3027 the
1398 2978 1707 3028 Markland’s
1772 2979 2115 3028 emendation.
2181 2981 2276 3030 See

402 3048 636 3108 contrary
663 3045 849 3107 jointly
879 3043 1146 3092 concealed
1178 3043 1280 3092 and
1396 3042 1677 3104 Phaenipp.
1725 3057 1773 3103 p.
1826 3044 1949 3092 1045
2005 3046 2032 3103 g
2086 3044 2148 3092 21
2205 3045 2274 3093 δύ’

399 3108 585 3171 jointly
630 3109 864 3170 wrought
905 3109 968 3167 it,
1014 3107 1117 3156 and
1168 3121 1280 3169 pre·
1398 3105 1555 3156 οὐσίας
1604 3109 1937 3169 καρπούμενος.
2005 3107 2093 3168 Op.
2130 3110 2157 3167 5
2190 3109 2271 3158 22.

399 3173 586 3222 vented
636 3174 785 3221 those
818 3172 932 3221 who
982 3171 1175 3220 wished
1225 3174 1279 3220 to
1396 3168 1505 3218 The
1514 3185 1724 3231 passage
1733 3171 1866 3219 cited
1875 3171 1939 3232 by
1948 3170 2127 3219 Markl.
2140 3172 2273 3221 from

397 3240 569 3298 report
609 3238 707 3298 it‚'’
751 3237 786 3288 i.
803 3252 845 3286 e.
890 3235 1278 3294 Demosthenes,
1396 3234 1457 3284 St
1490 3234 1633 3282 Luke
1675 3249 1756 3282 xx.
1791 3235 1855 3286 47
1889 3237 1933 3283 ot
1970 3238 2273 3286 κατεσθίουσι
2307 3238 2314 3244 “
2341 3240 2350 3250 ’

396 3301 568 3350 whose
588 3303 740 3351 letter
752 3316 853 3350 was
868 3301 988 3362 kept
1010 3299 1155 3349 back.
1182 3300 1277 3350 See
1393 3301 1478 3349 τὰς
1532 3301 1679 3348 οἰκίας
1724 3302 1820 3346 τῶν
1870 3301 2033 3360 χηρῶν
2090 3314 2273 3360 proves

396 3362 568 3415 before
588 3369 614 3427 g
637 3368 747 3416 192.
1391 3361 1610 3423 nothing
1637 3363 1716 3410 for
1735 3361 1842 3410 this
1867 3377 2021 3423 usage
2051 3363 2109 3412 in
2131 3364 2269 3413 Clas·

462 3430 615 3487 9279.
649 3430 858 3479 τελοῦσα
872 3431 949 3478 καὶ
966 3429 1275 3491 καθαίρουσα]
1391 3426 1517 3475 sical
1547 3426 1724 3475 Greek.
1791 3427 1820 3473 I
1845 3426 1911 3473 do
1931 3428 2023 3475 not
2046 3442 2130 3476 see
2158 3427 2273 3477 how

402 3495 439 3521 ‘⁸
455 3494 730 3556 Initiating
781 3506 993 3555 persons
1054 3492 1112 3541 in
1186 3493 1275 3542 the
1390 3491 1449 3540 in
1482 3491 1608 3540 Xen.
1654 3490 1806 3539 Mem.
1848 3504 1920 3537 xv.
1955 3492 2002 3549 1,
2046 3493 2076 3539 2
2119 3494 2272 3541 οἰκίαν

393 3559 660 3633 m...
682 3557 785 3644 ²¹³⁶
803 3557 1272 3672 “hwethffi
1386 3556 2129 3668 zuzrtsssss²sf²z252²ss⁷322ff
2160 3556 2270 3668 333

393 3622 519 3750 {gh
531 3621 941 3748 dfgugzonffarg
965 3635 1061 3735 3⁸11}
1105 3688 1131 3745 ἕ
1176 3687 1271 3737 259
1386 3683 1554 3745 might
1574 3682 1751 3733 rather
1771 3684 1922 3744 quote
1953 3653 2190 3735 Memfn.
2218 3686 2266 3745 7,
