2667 4142
832 175 954 239 DE
1009 175 1291 240 FALSA
1347 175 1869 240 LEGATIONE.
2157 177 2277 238 221

408 360 587 418 τερον
632 332 706 399 τὸ
753 335 960 401 καλῶς
1000 336 1247 417 φρονεῖν
1283 337 1399 397 τοῦ
1451 336 1671 409 κακῶς,
1723 330 1870 397 ἀλλ’
1918 332 1984 397 ἐν
2027 327 2119 417 τῷ
2163 332 2281 416 ἴσῳ

406 437 614 524 χρόνῳ
666 436 798 502 νυνὶ
847 435 1190 517 καθήμενος
1235 433 1407 517 ὑμῶν
1450 436 1735 511 ἕκαστος,
1784 434 1861 500 ἂν
1905 433 2023 517 μὲν
2065 431 2109 496 ἃ
2152 434 2278 520 χρὴ

403 538 725 623 «γνγνώσκῃ
752 536 900 623 περὶ
928 539 1054 602 τῶν
1081 536 1475 622 πραγμάτων
1504 535 1611 602 καὶ
1640 535 2018 623 ψηφίζηται,
2035 533 2277 611 βελτίω

403 642 488 707 τὰ
528 639 710 706 κοινὰ
759 639 1013 719 ποιήσει
1057 642 1136 722 τῇ
1184 639 1373 704 πόλει
1418 639 1524 705 καὶ
1575 637 1725 720 ἄξια
1777 642 1900 702 τῶν
1953 637 2277 721 προγόνων

403 743 647 828 πράξει,
702 742 781 806 ἂν
831 740 882 805 δ’
930 738 974 804 ἃ
1015 739 1104 823 μὴ
1150 739 1260 819 δεῖ,
1312 741 1676 826 φαυλότερα
1722 740 1831 805 καὶ
1881 737 2106 821 ἀνάξια
2152 743 2276 805 τῶν

249 869 368 926 307
403 845 727 929 προγόνων
765 842 1034 923 ποιήσει.
1121 843 1190 908 τί
1229 841 1338 908 οὖν
1379 843 1600 908 ἐκεῖνοι
1633 842 1779 925 περὶ
1822 839 2058 906 τούτων
2092 842 2274 927 ἐφρό-

401 972 569 1026 νονν;
636 946 822 1011 ταυτὶ
877 944 1104 1019 λαβὼν
1161 943 1495 1027 ἀνάγνωθι,
1550 949 1938 1030 γραμματεῦ·
2003 942 2098 1008 δεῖ
2149 945 2272 1030 «γὰρ

398 1044 559 1127 ὑμᾶς
587 1045 812 1111 εἰδέναι
856 1044 953 1110 ὅτι
1000 1046 1108 1111 ἐπὶ
1153 1052 1282 1116 τοῖς
1326 1044 1630 1114 τοιούτοις
1677 1045 1880 1130 ἔργοις
1923 1044 2269 1131 ῥᾳθυμεῖτε,

399 1148 483 1213 ὧν
513 1148 785 1215 θάνατον
812 1150 1278 1232 κατεγνώκασιν
1307 1148 1370 1213 οἱ
1393 1148 1706 1232 πρόγονοι.
1792 1148 1955 1230 λέγε.
2300 1142 2306 1147 ’

1139 1316 1153 1401 1
1190 1310 1515 1382 ΣΤΗΛΗ.
2065 1285 2073 1293 ’
2294 1311 2420 1386 428

241 1448 366 1519 308
519 1438 829 1516 Ἀκούετε,
862 1438 911 1505 ὦ
941 1438 1156 1523 ἄνδρες
1196 1437 1538 1520 Ἀθηναῖοι,
1573 1441 1696 1503 τῶν
1730 1437 2119 1525 *γραμμάτων
2159 1447 2266 1502 λε·
2298 1459 2406 1514 271

388 1542 631 1623 «ydev
651 1541 964 1627 Ἄρθμιον
992 1544 1099 1607 τὸν
1128 1542 1548 1611 Πυθώνακτος
1577 1542 1684 1606 τὸν
1712 1539 2009 1620 Ζελείτην
2038 1539 2266 1628 ἐχθρὸν

390 1642 548 1708 εἶναι
576 1645 684 1710 καὶ
712 1644 1019 1726 πολέμιον
1067 1650 1178 1709 τοῦ
1225 1644 1423 1722 δήμου
1461 1649 1572 1709 τοῦ
1615 1643 1969 1723 Ἀθηναίων
2002 1645 2111 1710 καὶ
2141 1647 2266 1709 τῶν

390 1745 753 1835 συμμάχων
810 1744 997 1812 αὐτὸν
1052 1747 1159 1812 καὶ
1213 1745 1390 1828 γένος
1446 1750 1597 1811 πᾶν.
1685 1744 1789 1810 διὰ
1844 1744 1910 1810 τί
1919 1770 1936 1826 ;
2000 1745 2098 1810 ὅτι
2156 1743 2265 1810 τὸν

389 2008 435 2056 R
484 1944 639 2005 5306.
712 1945 1012 2008 φλαυρότερα
1037 1959 1076 1994 r.
1137 1943 1249 1993 Vid.
1288 1945 1395 1993 not.
1461 1943 1580 1991 Mox
1602 1962 1656 1992 τε
1685 1947 1761 1993 καὶ
1790 1945 1846 1995 F.
1892 1944 1949 1995 Y.
1992 1945 2047 2006 Q.
2091 1945 2147 1997 Ο.
2191 1946 2249 1997 Β.

436 2022 568 2058 mex.

482 2074 640 2133 5307.
710 2072 808 2121 Pro
832 2074 1012 2132 ειδέναι,
1041 2074 1152 2120 ἰδεῖν
1174 2071 1223 2121 S.
1253 2071 1349 2120 En.
1381 2071 1558 2121 Tamo,
1587 2071 1742 2121 Dnm.
1780 2072 1947 2120 Vomt.
1982 2073 2146 2122 anz.
2186 2076 2247 2124 st.

387 2135 497 2186 vid.
528 2135 1177 2195 §284——PPAMMATA
1217 2137 1526 2183 ΕΚΛΟΓΗΣ
1564 2135 1613 2185 S.
1641 2136 1698 2185 Y.
1730 2135 1785 2185 O.
1811 2138 1846 2185 t.
1871 2150 1919 2185 n.
1948 2150 1994 2187 v.
2051 2140 2253 2185 PPAM·

388 2201 572 2249 MATA
605 2202 695 2249 ΕΚ
730 2202 1003 2248 ΣΤΗΛΗΣ
1037 2200 1193 2259 Marg.
1224 2199 1323 2246 Ed.
1349 2199 1515 2248 Lutet.
1547 2199 1640 2249 En.
1672 2200 1847 2249 Tuum.
1878 2199 2046 2250 Voma.

484 2266 640 2323 5308.
716 2267 794 2313 καὶ
816 2267 956 2324 ’γένος
979 2279 1076 2312 om.
1106 2277 1180 2323 pr.
1213 2262 1261 2312 S.
1292 2261 1406 2311 add.
1437 2263 1592 2323 antiq.
1657 2263 1778 2310 Post
1801 2267 1993 2325 χρυσὸν,
2033 2265 2114 2312 τὸν
2149 2278 2247 2314 om.

383 2326 440 2377 F.
471 2327 521 2377 S.
549 2328 607 2378 Y.
638 2326 694 2387 Q.
725 2327 781 2377 Ο.
806 2330 842 2377 t.
872 2342 920 2377 u.
959 2343 1004 2377 v.
1033 2328 1090 2377 B.
1120 2326 1287 2376 Vonu.
1329 2326 1494 2375 Bmm.
1536 2329 1595 2376 st.
1691 2326 1883 2387 Quibus
1929 2328 1974 2374 si
2018 2328 2134 2387 quis
2168 2328 2253 2375 ob·

385 2394 640 2455 sequatur,
673 2391 790 2440 vide
810 2406 876 2440 ne
902 2392 984 2441 τὸν
1004 2394 1124 2439 ante
1144 2389 1328 2452 χρυσὸν
1354 2390 1694 2438 omittendum
1732 2391 1813 2440 sit.
1910 2391 2084 2443 Voem.
2128 2393 2254 2441 citat

446 2557 606 2619 5306.
674 2557 784 2605 ἀλλ’
813 2558 863 2605 ἐν
892 2556 965 2617 τῷ
993 2558 1083 2616 ἴσῳ
1115 2555 1273 2616 χρόνῳ
1369 2556 1582 2614 φλαῦρον
1622 2553 1932 2615 (ἀπαγγελθῇ
1968 2555 2033 2614 τῇ
2076 2556 2253 2618 πόλει),

382 2623 557 2681 κ.τ.λ.]
612 2621 662 2668 It
705 2620 848 2668 takes
900 2634 971 2680 up
1013 2633 1083 2667 no
1125 2633 1268 2666 more
1368 2618 1609 2665 Aristocr.
1632 2631 1682 2678 p.
1711 2618 1845 2676 6515
1866 2618 1927 2667 92
1959 2620 1992 2676 ἥ
2025 2635 2086 2680 γε
2119 2622 2256 2669 πόλις

381 2686 696 2732 timetovote
711 2683 879 2731 useful
895 2683 997 2731 and
1019 2683 1261 2743 saIutary,
1370 2685 1581 2743 φλαῦρον
1625 2683 1755 2730 οὐδὲν
1789 2684 2003 2729 πείσεται
2040 2687 2164 2732 κατὰ
2196 2688 2252 2733 τὸ

379 2748 509 2796 than
530 2747 632 2796 bad
663 2747 766 2795 and
797 2747 1093 2807 degenerata
1130 2760 1267 2794 mea·
1371 2749 1599 2807 ψήφισμα
1633 2748 1786 2805 τοῦτο,
1827 2745 2046 2793 Timoor.
2077 2761 2125 2806 p.
2158 2750 2250 2798 749

382 2826 542 2860 sures.
673 2812 966 2873 φαυλότερα]
1031 2811 1179 2858 Phot.
1213 2824 1264 2870 Ρ.
1366 2813 1392 2869 5
1435 2810 1527 2857 158
1562 2813 1635 2858 ὅτι
1679 2811 1809 2858 οὐδὲν
1845 2811 1975 2870 αὐτῷ
2004 2814 2254 2872 γενήσοιτο

379 2877 490 2932 650,
525 2876 586 2925 19
623 2876 721 2924 Ed.
761 2876 964 2924 Por8on.
1025 2877 1262 2934 φλαῦρονι
1367 2872 1581 2935 φλαῦρον
1603 2876 1698 2922 ἀπὸ
1718 2876 1801 2933 τῆς
1822 2877 2009 2934 ’γραφῆς
2033 2877 2193 2933 τῆσδε.

380 2942 410 2996 ἢ
455 2943 629 2998 κοῦφον
679 2940 841 2987 κακόν
906 2941 1118 3014 διαφέρει
1170 2941 1266 2999 γὰρ
1428 2937 1540 2987 428.
1556 2941 1582 2998 5
1598 2940 1706 2986 308.
1746 2937 2014 2985 Arthmius
2032 2940 2084 2986 os
2102 2940 2251 2987 Zelea

380 3007 592 3066 φλαῦρον
612 3005 692 3051 καὶ
712 3005 911 3063 φαῦλον·
945 3007 1160 3065 φλαῦρον
1181 3006 1267 3061 μὲν
1367 3001 1418 3064 (a
1439 3005 1571 3048 town
1593 3002 1651 3048 in
1672 3001 1761 3049 tho
1780 3002 1942 3049 Troad
1959 3002 2253 3051 mentioned

378 3070 475 3129 ’γάρ
499 3072 602 3116 ἐστι
623 3070 678 3115 τὸ
699 3069 861 3128 μικρὸν
884 3069 1042 3116 κακόν·
1080 3069 1264 3127 φαῦλον
1363 3065 1430 3127 by
1450 3065 1645 3113 Homer
1658 3065 1718 3112 11.
1736 3080 1791 3115 11.
1813 3067 1927 3126 824)
1949 3080 2050 3113 was
2073 3066 2249 3114 brand·

381 3135 432 3180 δὲ
471 3134 529 3180 τὸ
571 3133 715 3189 μέγα.
784 3131 850 3180 So
880 3131 1053 3191 Etym.
1087 3131 1257 3190 Magn.
1363 3130 1428 3177 ed
1464 3129 1590 3177 with
1642 3129 1840 3190 infamy
1878 3130 2139 3193 (στηλίτης)
2197 3134 2249 3180 at

377 3208 425 3255 p.
469 3196 578 3255 789,
612 3195 677 3245 49
710 3193 769 3242 in
793 3194 968 3255 nearly
995 3194 1084 3243 the
1122 3209 1261 3243 same
1362 3194 1452 3241 the
1494 3193 1730 3254 proposal
1761 3194 1816 3240 of
1865 3192 2244 3255 Themistoclea,

377 3258 553 3308 words,
626 3258 789 3306 There
810 3257 857 3305 is
880 3272 1019 3306 some
1040 3258 1185 3306 truth
1205 3259 1262 3306 in
1363 3271 1419 3305 as
1454 3271 1527 3304 we
1575 3257 1716 3305 leam
1759 3257 1891 3304 from
1934 3257 2065 3306 Plut.
2108 3257 2166 3305 Τ.
2208 3273 2240 3308 1.

377 3322 484 3370 this
527 3321 823 3370 distinction
856 3321 910 3369 of
951 3321 1039 3370 the
1082 3323 1262 3370 Gram·
1361 3335 1411 3381 p.
1438 3321 1532 3368 114
1545 3320 1604 3370 E.
1665 3320 2034 3369 Demosthenes
2053 3322 2249 3371 alludes

376 3386 618 3434 mariana.
666 3389 874 3448 φλαῦρος
895 3386 1150 3446 generally
1172 3386 1263 3433 fol·
1360 3388 1414 3432 to
1444 3384 1551 3432 this
1585 3384 1692 3432 also
1716 3398 1796 3434 111.
1832 3384 2054 3445 Philipp.
2078 3400 2128 3446 p.
2156 3387 2245 3433 121

377 3451 496 3497 lows
529 3449 679 3497 verbs
713 3450 767 3497 of
801 3451 1060 3510 epeakiny,
1083 3449 1183 3497 and
1214 3450 1261 3497 is
1358 3452 1384 3509 5
1428 3451 1507 3496 42.
1574 3448 1639 3495 In
1682 3452 1707 3508 5
1749 3449 1812 3496 43
1849 3448 1917 3496 he
1959 3449 2083 3496 calls
2135 3449 2249 3498 hisn

376 3514 666 3573 equivalent
696 3515 752 3561 to
791 3517 822 3541 ‘⁸
842 3512 1156 3575 derogatory,
1179 3512 1259 3561 de·
1362 3514 1530 3561 δοῦλον
1560 3515 1813 3575 βασιλέως,
1835 3514 1889 3560 to
1921 3511 2085 3560 which
2118 3513 2247 3561 Har·

377 3577 670 3638 meaning,
720 3576 1095 3638 disparaging.”
1152 3578 1259 3625 But
1361 3576 1625 3637 pocration
1678 3576 1835 3625 refers
1886 3574 1946 3625 in
1995 3576 2243 3638 ’Δρθμιοςε

377 3655 460 3690 see
482 3641 608 3691 Mid.
635 3654 683 3703 p.
729 3642 823 3692 579
857 3644 885 3702 5
920 3641 1016 3689 203
1052 3641 1113 3690 ἂν
1132 3643 1184 3690 δέ
1214 3659 1264 3691 τι
1360 3642 1509 3700 ὄνομα
1553 3643 1721 3703 κύριον,
1754 3640 1917 3691 δοῦλός
1949 3641 2113 3704 [τινος]
2155 3644 2245 3702 βα·
