2667 4142
427 201 552 265 156
1044 195 1681 263 DEMOSTHENIS

424 375 524 414 τοι
561 348 638 414 σὲ
673 349 791 432 μὲν
824 347 1048 415 πολλὰ
1079 348 1184 414 καὶ
1224 348 1410 425 δεινά,
1443 348 1709 432 ἐμαυτὸν
1749 346 1799 412 δ’
1830 347 1990 434 ὑπὲρ
2028 349 2295 414 τουτωνὶ

423 452 504 515 τὰ
529 450 861 528 βέλτιστα.
936 449 1112 515 ἀλλὰ.
1140 450 1543 536 Φιλοκράτης
1572 454 1676 517 σοὶ
1698 451 2289 537 συμπεπρέσβευκε,

422 546 685 633 κάκείνῳ
719 547 819 626 σύ,
861 549 968 613 καὶ
1007 549 1285 632 Φρύνων·
1328 548 1500 630 ὑμεῖς
1541 548 1662 634 «γὰρ
1703 548 1879 614 ταῦτ’
1924 547 2288 635 ἐπράττετε,

422 647 528 711 καὶ
578 651 779 712 ταῦτα
828 650 1033 711 πᾶσιν
1077 647 1222 728 ὑμῖν
1270 644 1542 733 ἤρεσκεν.
1642 651 1768 712 ποῦ
1818 644 1869 710 δ’
1917 645 2100 726 ἅλεςς
2162 650 2289 711 ποῦ

420 746 732 834 τράπεζα;
777 751 905 814 ποῦ
933 747 1213 813 σπονδαί
1231 773 1247 826 ;
1294 752 1497 813 ταῦτα
1523 746 1647 833 ογιὶρ
1677 745 1983 835 τραγῳδεῖ
2007 751 2286 832 περιιών,

421 851 637 934 ὥσπερ
679 848 822 936 οὐχὶ
866 848 1007 920 τούς
1051 847 1416 919 ἀδικοῦντας
1452 848 1689 914 τούτων
1728 849 1908 917 ὄντας
1957 847 2284 933 προδότας,

284 988 394 1045 190
419 951 593 1017 ἀλλὰ.
620 950 757 1021 τοὺς
787 951 869 1015 τὰ
897 949 1109 1015 δίκαια
1137 954 1490 1020 ποιοῦντας.
1564 950 1684 1033 elye)
1713 948 1763 1013 δ’
1794 948 1906 1014 οἷδ’
1931 949 2028 1015 ’ότι
2057 949 2284 1021 πάντες
2314 983 2344 1021 2
2359 983 2430 1020 10

418 1053 481 1118 οἱ
504 1055 836 1141 πρυτάνεις
859 1051 1114 1116 θύουσιν
1144 1050 1447 1117 ἑκάστοτε
1477 1055 1648 1135 κοινῇ
1672 1052 1777 1116 καὶ
1807 1050 2286 1119 συνδειπνοῦσιν

416 1154 725 1237 ἀλλήλοις
789 1154 897 1220 καὶ
970 1152 1451 1219 συσπένδουσιν·
1524 1155 1632 1221 καὶ
1689 1152 1760 1220 οὐ
1824 1155 1929 1220 διὰ
1991 1156 2166 1221 ταῦθ’
2225 1157 2286 1223 οἱ

415 1258 683 1345 χρηστοὶ
731 1256 873 1328 τοὺς
911 1256 1215 1341 πονηροὺς
1252 1260 1606 1339 μιμοῦνται,
1639 1256 1786 1322 ἀλλ’
1816 1258 1923 1323 ἐὰν
1952 1255 2283 1324 ἀδικοῦντα

414 1362 681 1439 λάβωσί
717 1388 858 1427 τινα
897 1361 1117 1443 αὑτῶν,
1149 1365 1226 1445 τῇ
1258 1363 1470 1445 βουλῇ
1501 1360 1607 1427 καὶ
1636 1365 1726 1447 τῷ
1753 1360 1926 1444 δήμῳ
1957 1360 2277 1440 δηλοῦσιν.

412 1466 451 1546 ἦ
496 1465 707 1549 βουλὴ
756 1463 956 1529 ταύτὰ
994 1468 1213 1543 ταῦτα,
1256 1462 1570 1549 εἰσιτήρια
1608 1465 1811 1541 ἔθυσε,
1854 1464 2277 1546 συνειστιάθη·

412 1649 556 1698 Idem
587 1663 708 1699 mox
736 1649 1028 1712 Φιλοκράτης
1059 1651 1460 1698 coa—‘rothom
1482 1647 1534 1699 S.
1559 1648 1616 1698 Y.
1640 1649 1690 1697 k.
1713 1662 1756 1698 r.
1782 1662 1822 1699 s.
1851 1647 1932 1696 A'.
1966 1649 2064 1698 ΕΙ).
2097 1649 2275 1698 Tamo.

411 1713 582 1763 Vonx.
613 1715 781 1763 Bau.
807 1715 1156 1776 st.—-—a·pdre
1266 1714 1399 1773 vulg.
1437 1717 1557 1761 ante
1590 1713 1756 1762 anx.
1818 1715 2031 1775 τράπεζα
2065 1713 2274 1762 nonnisi

413 1777 466 1829 S.
489 1779 549 1826 Y.
643 1782 678 1804 ‘⁴
697 1777 979 1838 Singularis
1011 1777 1069 1825 in
1101 1779 1124 1825 t
1180 1777 1190 1787 '
1238 1779 1534 1838 argumento
1572 1776 1800 1824 solennis
1837 1780 1969 1826 est.”
2055 1777 2272 1826 Sonant.

413 1842 513 1891 Sed
541 1842 751 1904 Antiph.
781 1845 983 1905 Τετραλ.
1007 1844 1066 1890 A.
1096 1859 1142 1890 α.
1168 1843 1195 1902 §
1227 1842 1288 1891 10.
1319 1855 1369 1902 p.
1399 1841 1493 1890 116
1531 1841 1768 1890 St.=629
1806 1840 1869 1889 R.
1906 1843 1986 1890 ἐπὶ
2015 1844 2101 1890 τὰς
2134 1844 2274 1890 αὐτὰς

411 1910 663 2032 τραξέὲῗό..
726 1972 1067 2020 συσπεύδονσιν
1088 1967 1145 2018 0.
1171 1983 1211 2018 r.
1349 1970 1427 2017 καὶ
1451 1967 1589 2032 (ante
1607 1969 1638 2028 ᾗ
1651 1966 1822 2031 βουλὴ)
1842 1966 1955 2018 add.
1982 1967 2037 2017 F.
2055 1968 2116 2016 Y.
2136 1967 2194 2030 Q.
2212 1968 2271 2017 Ο.

1672 2036 1733 2081 εἰς
1762 2035 1942 2094 εἰτήρια
1966 2031 2047 2081 A1.
2106 2035 2272 2092 εἰσιτη-

410 2036 448 2085 t.
475 2049 525 2085 u.
549 2049 596 2085 v.
666 2036 698 2095 ἡ
717 2037 871 2095 βουλὴ
895 2033 1022 2097 (sine
1045 2036 1121 2083 καὶ
1144 2034 1234 2081 aut
1257 2035 1308 2082 δὲ
1349 2033 1429 2083 Al.
1459 2031 1539 2080 A'.

409 2102 549 2161 τήρια
570 2097 650 2148 A'.
727 2097 936 2158 “Magis
956 2097 1010 2145 id
1031 2096 1237 2157 quidem
1346 2095 1632 2156 analogiam
1653 2096 2039 2156 grammaticam
2052 2099 2079 2122 ”
2098 2096 2268 2146 Reisk.

407 2165 811 2221 -συνιστιάθη
834 2161 883 2212 S.
955 2164 1240 2220 συνεστιάθη
1272 2176 1312 2210 r.
1341 2160 1429 2208 Al.
1491 2163 1868 2218 συνεστιάθησαν
1896 2160 2034 2210 Suid.
2067 2159 2124 2208 in
2163 2164 2272 2209 εἱσι-

409 2229 564 2288 τήρια·
600 2225 709 2288 [qui
730 2230 895 2274 cetera
915 2225 1054 2274 hune
1077 2225 1143 2273 ad
1163 2223 1401 2274 modum:
1438 2227 1490 2274 δὲ
1511 2227 1590 2273 καὶ
1610 2227 1704 2273 τῶν
1731 2225 2044 2282 ἐκοινώνησαν
2066 2227 2109 2273 οἱ
2130 2241 2272 2287 στρα-

409 2294 563 2354 τηγοὶ,
591 2294 667 2340 καὶ
691 2292 861 2352 σχεδὸν
883 2292 1034 2339 εἰπεῖν
1058 2292 1107 2338 αἱ
1128 2291 1271 2351 ἀρχαὶ
1295 2289 1486 2351 πᾶσαι].
1542 2291 1851 2348 ἐκοινώνησαν
1874 2287 1927 2338 S.
1942 2287 2002 2336 Y.
2019 2288 2079 2349 Q.
2100 2290 2138 2338 t.
2158 2302 2206 2339 u.
2224 2303 2269 2339 v.

410 2457 490 2504 the
522 2456 736 2516 embaesy
758 2469 882 2502 were
913 2454 1092 2516 widely
1120 2452 1289 2514 differ·
1388 2457 1467 2504 καὶ
1507 2456 1829 2516 κατάρξασθαι
1860 2453 1955 2502 τῶν
1987 2454 2124 2516 ἱερῶν
2159 2454 2274 2517 ὑπὲρ

408 2518 666 2580 ent)...but
687 2518 999 2566 Philocrates
1029 2530 1130 2565 was
1162 2530 1290 2577 your
1392 2520 1513 2578 1)qu
1533 2522 1609 2568 καὶ
1632 2522 1744 2577 ὅλης
1765 2521 1849 2577 τῆς
1876 2519 2079 2567 πόλεως·
2108 2518 2272 2567 where

408 2581 826 2641 co-ambassador,
877 2580 980 2629 and
1018 2594 1122 2643 you
1161 2595 1289 2629 were
1389 2583 1613 2633 Unum:
1649 2584 1880 2643 εἰσιτήρια
1909 2584 2140 2643 ἐγίγνετο,
2162 2586 2271 2639 μελ-

407 2646 505 2706 his,
535 2646 637 2694 and
668 2660 724 2693 so
744 2659 846 2693 was
869 2643 1288 2705 Phrynon.’'--—
1389 2650 1561 2706 λούσης
1595 2649 1788 2695 εἰσιέναι
1812 2649 1896 2705 τῆς
1923 2648 2101 2708 βουλῆς
2128 2649 2191 2696 εἰς
2213 2647 2271 2695 τό

407 2708 911 2833 zamam&
937 2707 1289 2832 3201312223302
1385 2708 2272 2836 immmaitxxtfflsszz

406 2838 486 2886 An
519 2837 729 2886 obvious
761 2836 978 2884 allusion
1008 2837 1063 2883 to
1084 2836 1167 2883 his
1201 2835 1286 2883 ad·
1387 2841 1572 2900 σκέψιν.
1638 2837 1721 2886 He
1758 2850 1873 2898 says
1910 2851 1979 2884 on
2017 2837 2124 2885 this
2158 2852 2268 2899 pas·

404 2902 650 2963 versary's
694 2899 958 2948 sometime
986 2898 1285 2960 profession.
1387 2915 1531 2962 sago:
1589 2904 1873 2962 προηγεῖται
1917 2904 2148 2961 εἰσιούσης
2187 2904 2271 2961 τῆς

408 2965 501 3015 See
536 2964 597 3013 de
633 2964 811 3014 Goron.
847 2978 897 3024 P.
937 2964 1047 3022 299,
1073 2965 1149 3022 13,
1184 2961 1286 3011 and
1382 2968 1562 3028 βουλῆς
1598 2966 1624 3015 ὁ
1660 2969 1745 3016 τὰς
1788 2968 1949 3014 θυσίας
1987 2969 2268 3025 ποιούμενος.

405 3029 687 3078 elsewhere.
746 3027 850 3075 For
889 3042 920 3077 a
957 3027 1152 3075 similar
1192 3041 1284 3075 use
1384 3029 1687 3090 Respecting
1718 3029 1824 3077 this
1862 3027 1965 3077 and
1997 3028 2087 3077 the
2131 3028 2267 3077 simi-

404 3094 458 3141 of
496 3094 797 3154 trayoediae,
836 3105 918 3140 see
956 3091 1110 3141 Cicer.
1147 3105 1184 3139 1.
1221 3090 1285 3139 de
1381 3094 1513 3155 larly
1533 3093 1728 3142 formed
1741 3091 1878 3140 word
1891 3092 2173 3151 κατιτήριον,
2188 3107 2270 3141 see

406 3157 545 3208 Orat.
567 3159 628 3206 51
655 3157 806 3221 (219),
833 3170 891 3206 11.
919 3156 981 3204 55
1001 3157 1285 3218 (225).——
1383 3157 1592 3205 Pierson
1625 3171 1693 3204 on
1723 3156 1924 3214 Moeris,
1947 3171 1995 3217 p.
2019 3158 2132 3215 222,
2157 3158 2266 3205 223.

407 3219 922 3284 ὢσπερ...ἀδικοῦντας]
955 3218 1023 3269 Of
1041 3219 1148 3268 this
1165 3233 1282 3267 oon·
1385 3220 1568 3269 Suidas
1603 3221 1783 3281 speaks
1820 3220 1874 3269 of
1914 3221 2005 3269 the
2040 3220 2269 3281 εἰσιτήρια

405 3284 654 3334 struction
675 3284 930 3345 examples
954 3298 1037 3332 are
1053 3283 1201 3344 given
1214 3283 1283 3345 by
1383 3298 1441 3333 as
1464 3299 1495 3333 a
1521 3284 1644 3345 holy
1665 3283 1791 3345 dayz
1823 3283 1925 3332 and
1945 3283 2073 3332 adds
2093 3289 2269 3344 ταύτην

402 3348 582 3398 ElmsL
612 3362 680 3395 on
711 3348 889 3409 Eurip.
926 3347 1123 3397 Heracl.
1166 3348 1275 3407 693,
1383 3352 1471 3408 τὴν
1488 3350 1664 3411 ἡμέραν
1679 3351 1870 3411 πρώτην
1883 3351 1967 3396 τοῦ
1982 3351 2115 3398 ἔτους
2128 3347 2265 3408 Ἀθη·

404 3411 649 3473 Spalding
674 3412 771 3474 (ap.
799 3412 1014 3475 Buttm.)
1038 3425 1107 3459 on
1132 3411 1278 3461 Dem.
1384 3416 1504 3461 ναῖοι
1545 3413 1821 3471 νενομίκασι.
1894 3410 2020 3460 This
2056 3414 2265 3460 account

402 3476 524 3526 Mid.
552 3477 658 3536 §11
681 3488 822 3536 a=p.
853 3475 963 3524 526.
1382 3476 1429 3525 is
1479 3476 1702 3525 received
1742 3476 1810 3537 by
1848 3475 2165 3525 Schoemann
2206 3477 2265 3524 de

469 3543 496 3599 g
520 3541 629 3589 210.
696 3537 948 3602 εὶσιτήρια]
969 3538 1090 3588 Μίᾶ.
1118 3553 1169 3600 p.
1189 3540 1284 3588 552
1387 3542 1563 3589 Comit.
1602 3553 1651 3600 p.
1688 3542 1783 3588 306
1816 3539 1994 3602 (=291
2028 3542 2262 3600 Traml.>,

404 3606 430 3664 ἓ
452 3604 545 3651 114
569 3605 698 3651 εἴασε
718 3605 803 3658 μέν
824 3619 885 3660 με
906 3602 1134 3662 εἰσιτήρια
1165 3605 1282 3665 ὑπὲρ
1383 3604 1496 3651 who
1509 3603 1688 3663 reiects
1704 3603 1818 3651 that
1836 3603 1889 3652 of
1905 3603 2111 3664 Ulpian.
2156 3603 2264 3651 Tho

405 3670 490 3728 τῆς
514 3669 691 3730 βουλῆς
721 3667 1010 3727 ἱεροποιῆσαι
1038 3669 1116 3715 καὶ
1145 3668 1285 3717 θῦσαι
1384 3667 1608 3717 sacrifice
1628 3680 1729 3717 was
1751 3666 1936 3716 offered
1956 3666 2014 3715 in
2033 3665 2124 3716 tho
2140 3668 2264 3716 tem·
