2667 4142
338 1029 409 1086 53

860 181 982 248 DE
1040 180 1324 247 FALSA
1381 180 1902 247 LEGATIONE.
2225 183 2310 247 43

438 337 649 411 κάλως
678 340 834 429 ἔχει·
880 337 1132 404 ἐπειδὰν
1163 337 1230 403 δὲ
1258 336 1401 408 τοὺς
1430 336 1678 424 καιροιῖς
1717 335 2194 419 συλλογίσηταί
2215 362 2311 407 τις

438 442 538 526 ἐφ’
590 441 674 507 ὦν
715 442 726 531 Ι
775 442 1019 564 ἐγράφη
1065 441 1172 507 καὶ
1223 442 1335 511 τὰς
1385 440 1769 529 ὑποσχέσεις
1820 437 1894 511 ἃς
1941 437 2121 509 οὗτος
2167 438 2309 504 ὑπι·
2338 439 2462 518 356

437 545 697 629 σχνεῖτο
727 540 885 615 τότε,
909 540 1083 606 οὐδὲν
1108 540 1277 605 ἄλλο
1307 538 1701 627 φανήσονται
1727 538 1900 618 πλὴν
1925 537 2311 625 παραδόντες

436 642 753 728 Φιλίππῳ
788 643 894 708 καὶ
932 642 1246 723 Θηβαίοις
1284 640 1561 720 Φωκέας,
1593 640 1781 723 μόνον
1817 639 1931 706 οὐκ
1974 637 2182 705 ὀπίσω
2224 638 2313 704 τώ

434 745 609 830 χεῖρε
638 742 954 827 δήσαντες.
1044 744 1209 827 Λένγε
1237 742 1311 808 τὸ
1338 743 1676 829 ψήφισμα.

1145 1002 1599 1071 ΨΗΦῙΣΜΑ.

561 1150 799 1236 Ὁρᾶτε
857 1149 906 1218 ὦ
963 1151 1177 1239 ἄνδρες
1235 1151 1561 1231 Ἀθηναῖοι
1618 1152 1692 1218 τὸ
1746 1156 2081 1239 ψηφισμα,
2141 1151 2308 1218 ὅσων
2334 1163 2407 1233 48

434 1251 709 1317 ἐπαίνων
750 1253 858 1319 καὶ
893 1250 1045 1332 ὅσης
1085 1251 1390 1340 εὐφημίας
1417 1253 1652 1335 μεστόν
1680 1255 1838 1331 ἐστι,
1870 1255 1978 1319 καὶ
2005 1252 2120 1335 τὴν
2148 1252 2308 1340 εἰρή-

436 1381 547 1433 νην
581 1352 738 1421 εἶναι
778 1354 890 1436 τὴν
918 1354 1111 1436 αὐτὴν
1140 1354 1339 1443 ἤνπερ
1371 1357 1688 1441 Φιλίππῳ
1719 1355 1826 1421 καὶ
1852 1360 1983 1424 τοῖς
2013 1354 2303 1438 ἐγγόνοις,

435 1456 542 1521 καὶ
590 1456 704 1537 τὴν
749 1457 1142 1543 συμμαχίαν,
1191 1458 1300 1522 καὶ
1340 1449 1677 1522 4ἐπαινέσαι
1722 1455 1790 1522 δὲ
1829 1455 2167 1523 Φίλιππον
2208 1456 2305 1522 ὅτι

435 1558 904 1642 ἐπαγγέλλεται
942 1557 1025 1624 τὰ
1060 1557 1270 1623 δίκαια
1298 1559 1609 1640 ποιήσειν.
1700 1556 1848 1623 ἀλλ’
1879 1555 2054 1623 οὐδὲν
2082 1557 2307 1628 ἐκεῖνός

433 1685 507 1739 *γε
550 1660 998 1742 ἐπηγγέλλετο,
1044 1659 1217 1724 ἀλλὰ
1261 1660 1567 1725 τοσούτου
1617 1660 1739 1728 ἔδει
1791 1659 2305 1742 ἐπαγγέλλεσθαι

436 1763 585 1830 ὥστ’
635 1763 759 1831 οὐδ’
807 1764 1030 1831 εἰδέναι
1081 1764 1240 1849 φησὶ
1287 1765 1357 1830 τί
1392 1761 1468 1829 ἂν
1513 1766 1713 1831 ποιῶν
1755 1763 1899 1849 ὑμῖν
1938 1765 2299 1854 χαρίσαιτο.

532 1963 560 2022 g
596 1961 676 2010 53.
745 1962 950 2024 ἐκγόνοις
1003 1962 1054 2010 et
1101 1959 1188 2011 hic
1236 1963 1288 2010 et
1332 1974 1532 2022 semper
1580 1960 1677 2013 En.
1733 1958 1916 2011 Tuam.
1996 1961 2130 2010 Mira
2182 1974 2299 2011 con-

439 2025 631 2073 stantia
662 2026 720 2073 in
754 2025 820 2074 iis
859 2026 947 2086 qui
981 2026 1100 2075 Cod.
1148 2026 1201 2076 S.
1253 2027 1364 2074 tam
1399 2025 1645 2074 serviliter
1691 2025 1841 2137 §absit
1885 2025 2038 2075 verbo
2088 2025 2299 2088 invidia)

433 2089 602 2150 jurare
642 2089 700 2137 in
744 2089 897 2138 verba
949 2091 1162 2139 soleant.
1295 2090 1429 2137 Nam
1474 2105 1536 2138 ex
1578 2101 1665 2138 sex
1721 2090 1827 2138 ocis
1860 2103 1988 2151 quos
2042 2088 2300 2139 laudaturi

435 2166 614 2201 sumus
659 2160 732 2202 ter
765 2153 872 2202 God
909 2154 962 2204 S.
1001 2156 1227 2217 ἐγγόνοις,
1272 2160 1347 2203 ter
1383 2155 1601 2215 ἐκγόνοις.
1674 2154 1910 2202 Ceterum
1952 2153 2039 2202 hio
2088 2156 2301 2216 ἐκγόνοις

437 2268 496 2329 Q.
520 2268 571 2316 k.
595 2281 636 2317 r.
661 2283 702 2317 s.
732 2271 809 2317 δα.
835 2274 908 2318 em.
933 2268 1014 2316 Al.
1037 2266 1118 2317 A2.
1152 2268 1364 2329 ἐγγόνοις
1387 2267 1463 2332 (ut
1488 2267 1798 2330 constanter)
1821 2265 1879 2318 F.
1947 2266 2146 2316 Citatm·
2176 2267 2303 2317 haec

437 2332 663 2381 clausula
681 2332 797 2382 infr.
822 2347 869 2394 p.
899 2334 994 2382 358
1015 2333 1040 2389 ἓ
1062 2333 1139 2390 61,
1164 2335 1188 2391 §
1210 2333 1289 2389 63,
1330 2330 1615 2396 (utrobique
1648 2333 1707 2379 ut
1739 2329 1824 2380 hic
1854 2334 1967 2394 ἐγγ.
1999 2330 2071 2393 S.)
2110 2346 2159 2393 p.
2204 2332 2302 2381 368

438 2401 465 2457 5
494 2397 572 2454 98,
604 2411 654 2458 p.
678 2397 775 2444 440
795 2400 822 2457 ξ
845 2397 955 2456 355,
993 2396 1063 2445 H.
1089 2395 1308 2456 Philipp.
1336 2410 1388 2457 p.
1417 2397 1478 2446 73
1502 2397 1525 2454 ἓ
1547 2396 1626 2443 31.
1695 2394 1828 2445 Sane
1865 2394 2077 2444 tradunt
2120 2395 2300 2444 Gram-

437 2460 631 2518 matici,
667 2475 709 2510 3.
724 2476 770 2522 3.
807 2460 984 2510 Τ113111.
1023 2460 1155 2534 Mag.
1189 2461 1298 2517 849,
1333 2463 1524 2522 ἔκγονος
1558 2459 1619 2507 de
1638 2460 1757 2522 filio
1794 2464 1990 2534 ἔγγονος
2025 2459 2089 2509 (13
2128 2475 2223 2521 nep
2224 2468 2301 2509 ote

438 2524 702 2586 usurpari.
886 2524 1133 2599 1331113111
1154 2526 1400 2573 citerioris
1431 2525 1734 2572 Graecitatis
1757 2522 2085 2584 scriptoribus
2106 2524 2303 2574 obtinet

437 2590 556 2701 ((33.3.
579 2587 715 2637 1)1311
737 2538 914 2647 gassq)
938 2588 995 2636 'm
1023 2590 1248 2649 antiquis
1276 2602 1345 2635 an
1377 2587 1605 2636 obtineat
1637 2601 1820 2650 parum
1851 2590 2173 2649 perspectum
2204 2589 2300 2640 est.

478 2656 584 2701 erte
626 2666 806 2701 omnes
841 2651 959 2700 libri
996 2651 1053 2700 in
1089 2652 1220 2700 Plat.
1266 2666 1323 2701 11.
1373 2651 1587 2713 Republ.
1636 2652 1732 2701 364
1757 2651 1802 2699 E
1840 2655 2041 2701 servant
2073 2654 2301 2715 ἐγγόνων.

434 2717 670 2765 Fortasse
706 2717 805 2765 hoc
837 2715 1108 2765 discrimen
1139 2716 1351 2764 interest
1392 2719 1451 2764 ut
1496 2720 1685 2779 ἔκγονος
1718 2718 1919 2778 proprie
1966 2720 2107 2778 (nam
2147 2716 2303 2765 latius

436 2780 704 2841 aliquoties
746 2783 1021 2841 usurpatur
1062 2779 1222 2829 Thuc.
1246 2793 1283 2830 1.
1308 2780 1363 2839 93
1397 2779 1496 2829 vid.
1536 2779 1762 2829 Klausen
1796 2779 1863 2829 ad
1898 2779 2079 2828 Aesch.
2119 2780 2294 2842 Agam.

437 2846 549 2908 348)
570 2844 702 2893 verti
735 2843 914 2893 debeat
937 2860 970 2893 a
989 2859 1107 2893 son.-
1142 2847 1336 2906 ἓγγονος
1368 2860 1401 2892 α
1438 2845 1749 2895 descendant.
1815 2843 1998 2906 Itaque
2027 2845 2159 2907 vulg.
2200 2859 2302 2895 ser-

435 2909 659 2958 vandum
680 2907 820 2957 duxi.
886 2909 1113 2971 [ἐκγόνοις
1132 2908 1289 2958 Dmn.
1306 2907 1477 2990 Venia.
1498 2908 1661 2959 Bnn.
1691 2908 1785 2970 st.]

437 3084 633 3131 ἀκοῦσαι
653 3083 739 3141 μὲν
759 3083 857 3145 γὰρ
879 3081 1071 3145 οὑτωσί]
1106 3087 1136 3112 “
1157 3081 1315 3131 Μ313-
1418 3100 1504 3144 νος,
1546 3086 1767 3146 εὐφημία,
1807 3087 2016 3148 εὐλογία,
2055 3090 2301 3151 ἐγκώμιον.

436 3146 489 3207 ly
530 3148 583 3194 to
614 3145 703 3195 the
735 3149 881 3195 ear:”
917 3147 1008 3195 “si
1043 3146 1116 3196 sic
1155 3146 1319 3194 obiter
1419 3148 1618 3196 Transl.
1634 3157 1884 3197 courteous
1900 3154 2300 3225 complimentary

438 3208 614 3258 audias
635 3224 731 3258 nec
750 3211 905 3259 simul
918 3210 1187 3272 dingenter
1207 3225 1318 3271 per·
1420 3214 1679 3273 lanquaye.
1752 3211 2231 3267 Aesch.Ti1narch.
2279 3220 2304 3277 g

435 3272 628 3334 pendas
649 3276 736 3323 τὰς
753 3276 1104 3337 περιστάσεις,”
1127 3275 1318 3325 Sem·
1420 3275 1512 3325 169
1554 3290 1605 3336 p.
1654 3276 1719 3325 24
1763 3275 1897 3327 St.—
1854 3277 2003 3327 =166
2035 3279 2093 3328 R.

2226 3284 2305 3330 καὶ

438 3350 552 3385 rna.
576 3337 783 3399 Leptin.
798 3352 849 3399 p.
873 3339 969 3387 462
995 3341 1021 3399 5
1048 3341 1109 3388 18
1141 3342 1248 3388 ἔστι
1271 3340 1322 3389 δὲ
1417 3342 1504 3399 τὴν
1517 3342 1756 3402 εἰρήνηνκ.
1759 3359 1805 3389 τ.
1809 3343 1916 3403 11.]ι
1923 3343 2064 3391 ‘And
2076 3343 2305 3406 (observo

437 3403 577 3450 τοῦτο
632 3403 851 3451 οὑτωσὶ
902 3405 1005 3463 μὲν
1075 3405 1176 3452 dxc
1193 3406 1320 3453 ῦσαι
1417 3403 1524 3451 this
1579 3403 1767 3469 clause)
1840 3406 1956 3453 that
2009 3407 2098 3455 the
2151 3421 2305 3469 peace

437 3466 583 3524 λόγον
601 3466 689 3514 τιν’
712 3468 842 3527 ἔχον.
1418 3467 1586 3515 which
1674 3482 1740 3516 ou
1789 3483 1875 3518 are
1929 3471 2138 3531 making
2180 3471 2305 3520 with

500 3529 596 3578 356
616 3531 640 3589 ἓ
662 3529 739 3579 53.
761 3528 1014 3594 εὐφημίας]
1028 3541 1322 3591 asynonym
1419 3530 1590 3592 Philip
1613 3547 1638 3580 s
1678 3532 1748 3580 all
1771 3533 1988 3582 likewise
2012 3537 2118 3596 (τὴν
2138 3536 2301 3598 αὐτὴν)

438 3592 492 3639 of
525 3592 615 3641 the
651 3607 782 3655 prec.
827 3595 1046 3643 ἐπαίνων.
1085 3593 1324 3643 Schaefer
1419 3595 1481 3643 be
1505 3595 1752 3646 extended
1769 3598 1825 3645 to
1857 3596 1941 3646 his
1970 3598 2304 3648 descendants

437 3656 594 3707 refers
634 3659 689 3706 to
733 3658 930 3706 Pollux.
967 3672 1015 3708 v.
1060 3657 1152 3709 117
1189 3661 1320 3707 ἔπαι-
1421 3657 1580 3709 als0.’'
