2667 4142
816 178 935 244 DE
993 177 1277 243 FALSA
1334 176 1860 242 LEGATIONE.
2190 177 2263 239 31

402 335 656 403 τούτους
695 333 822 400 οὔτ’
852 335 936 402 εἰς·
974 333 1047 399 τὸ
1088 336 1463 414 πρυτανεῖον
1495 329 1726 411 ἠξίωσε
1766 327 2047 392 καλέσαι.
2136 326 2270 391 καί·

401 462 501 501 τοι
540 435 723 510 τοῦτ’,
756 434 865 519 ἀφ’
897 434 967 499 οὗ
1005 434 1257 517 «γένγονεν
1284 433 1322 512 ἡ
1355 431 1558 507 πόλις,
1589 430 1783 500 οὐδεὶς
1821 427 2079 494 πώποτέ
2107 434 2270 513 φησι

399 538 626 601 παθεῖν
665 534 912 604 οὐδένας
950 536 1278 620 πρέσβεις,
1311 532 1450 597 οὐδὲ
1490 529 1864 615 ΤιμαὙόραν,
1897 527 1966 592 οὗ
2002 528 2270 592 θάνατον

401 634 989 721 κατεχειροτόνησεν
1019 635 1051 697 ὁ
1081 633 1286 715 δῆμος.
1374 631 1520 697 ἀλλ’
1551 631 1722 696 οὖτοι
1751 631 2156 695 πεπόνθασιν.

298 749 374 822 36
529 737 694 816 Λένγε
722 736 775 800 δ’
804 735 1012 804 αὐτοῖς
1049 740 1302 821 πρῶτον
1338 734 1454 816 μὲν
1490 733 1604 812 τὴν
1639 733 2003 819 μαρτυρίαν,
2036 730 2171 796 εἶτα
2198 728 2270 795 τὸ
2291 741 2366 814 36

399 833 868 919 προβούλευμα.

688 1043 701 1131 ι
741 1045 1214 1109 MAPTTPIA.
1266 1143 1271 1146 -
1303 1043 2009 1107 nPoBoTAETMA.
2293 1064 2408 1128 351

526 1191 815 1259 Ἐνταῦθ’
861 1191 985 1257 οὔτ’
1033 1191 1285 1261 ἔπαινος
1328 1192 1470 1257 οὔτε
1513 1195 1738 1272 κλῆσις
1781 1192 1866 1262 εἰς
1910 1192 1980 1257 τὸ
2030 1218 2266 1277 πρυτα-

400 1294 557 1362 νεῖόν
586 1298 724 1359 ἐστι
754 1299 876 1362 τῶν
904 1293 1240 1379 πρέσβεων
1268 1294 1393 1358 ὑπὸ
1422 1297 1533 1373 τῆς
1559 1297 1819 1374 βουλῆς.
1895 1294 1950 1358 εἰ
1980 1293 2046 1358 δέ
2068 1301 2267 1378 φησιν

400 1397 596 1477 οὗτος,
646 1397 909 1479 δειξάτω
969 1396 1075 1460 καὶ
1131 1396 1589 1484 παρασχέσθω,
1652 1394 1827 1475 κάγὼ
1880 1395 2262 1471 καταβαίνω.

399 1500 548 1565 ἀλλ’
576 1498 688 1565 οὐκ
731 1501 926 1565 ἔστιν.
1014 1498 1070 1564 εἰ
1109 1500 1225 1580 μὲν
1267 1500 1474 1563 τοίνυν
1516 1497 1689 1563 ταῦθ’
1721 1497 1992 1568 ἅπαντες
2037 1498 2262 1582 ἐπρεσ-

397 1600 681 1681 βεὺομεν,
714 1598 963 1670 δικαίως
1006 1598 1219 1665 οὐδένα
1259 1598 1558 1683 ἐπῄνεσεν
1595 1598 1632 1680 ἦ
1673 1599 1901 1680 βουλή·
1948 1598 2116 1663 δεινὰ
2141 1597 2262 1685 ’γὰρ

400 1766 522 1820 φησι
545 1759 596 1807 S.
613 1758 671 1808 F.
693 1757 753 1805 Y.
779 1758 837 1818 Q.
865 1759 921 1807 Ο.
951 1773 988 1807 r.
1018 1760 1058 1806 t.
1082 1772 1132 1808 u.
1164 1772 1209 1808 v,
1253 1756 1389 1818 quod
1422 1756 1587 1818 recepi
1618 1758 1824 1817 propter
1861 1757 2030 1804 locum
2064 1756 2260 1805 similli-

399 1823 615 1870 mumin
637 1822 757 1871 Mid.
786 1837 835 1883 p.
866 1824 959 1870 520
984 1825 1010 1882 g
1038 1824 1096 1871 16
1111 1825 1262 1871 καίτοι
1287 1820 1426 1870 τοῦτό
1447 1822 1497 1882 ’γ’
1515 1821 1690 1884 [καίτοι
1712 1824 1920 1869 τοιοῦτον
1945 1822 2042 1871 ED.
2079 1821 2257 1870 Tumo-

399 1886 640 1947 quoniam
665 1889 739 1934 καὶ
764 1889 974 1934 τοιοῦτον
1010 1887 1060 1935 S.
1087 1889 1137 1934 et
1169 1885 1260 1933 alii
1282 1885 1438 1933 Codd.
1465 1885 1551 1932 sed
1574 1884 1697 1945 quid
1731 1888 1807 1931 est
1840 1884 1938 1932 hoo
1975 1885 2077 1932 nisi
2111 1889 2262 1934 καίτοι

398 1950 592 2012 [τ]οῦτό
616 1950 665 2012 γ’
683 1955 704 1998 ?
772 1950 845 1999 Cf.
877 1951 991 1997 sim.
1017 1951 1110 1997 loo.
1134 1950 1279 2010 Lept.
1303 1964 1355 2010 p.
1375 1951 1469 1998 492
1505 1951 1528 2008 ἓ
1552 1950 1668 2009 117]
1697 1948 1839 1996 οὐδεὶς
1872 1952 2069 1997 πώποτε
2101 1949 2261 1998 οὐδένα

399 2017 544 2073 φησὶν
575 2012 822 2073 ἀκηκοέναι
844 2016 1153 2072 τολμήσαντα
1189 2015 1293 2063 οὐδὲ
1330 2014 1598 2073 ποιήσαντα
1631 2016 1679 2062 ἐν
1714 2013 1778 2073 τῇ
1814 2012 1969 2062 πόλει.
2034 2013 2111 2061 De
2141 2017 2261 2075 φησὶ

397 2079 449 2125 et
472 2078 620 2139 φήσει
647 2077 746 2125 vid.
772 2077 889 2125 infr.
916 2080 940 2137 ἓ
964 2079 1072 2126 106.

492 2146 517 2201 ξ
551 2143 628 2190 36.
698 2142 904 2190 ἅπαντες
927 2142 1024 2189 ED.
1050 2141 1224 2190 TURIO.
1267 2140 1320 2190 S.
1355 2141 1521 2188 BEKK.
1546 2142 1611 2187 st.
1675 2139 1815 2187 Fort.
1855 2144 1990 2188 ταῦθ’
2029 2141 2253 2191 ἅπαντες.

1271 2206 1328 2253 ὡς
1361 2203 1552 2263 α’ληθῶς
1585 2219 1684 2251 om.
1723 2205 1773 2252 S.
1789 2204 1839 2251 k.
1866 2219 1905 2251 8.
1931 2208 2013 2253 6⁷³¹.
2036 2205 2118 2253 Α).
2159 2205 2257 2254 En.

1313 2272 1357 2317 ot
1376 2270 1568 2328 μὲν...οἳ
1590 2270 1640 2316 δὲ
1661 2269 1828 2315 ΒΕΚΚ.
1853 2270 1915 2318 st.

396 2204 544 2253 Nune
582 2219 697 2253 cum
724 2206 888 2254 Vomr.
921 2206 1138 2266 reposui.

403 2269 532 2318 Tun.
555 2270 711 2317 Dmn.
735 2269 906 2316 Voma.
929 2269 1096 2317 Bmzx.
1117 2271 1180 2317 st.

393 2419 530 2468 word
561 2419 852 2479 constantly
887 2433 1056 2467 recnrs
1090 2418 1144 2466 in
1188 2418 1279 2467 the
1378 2419 1593 2466 offences
1646 2432 1773 2465 were
1819 2417 2038 2466 referred
2089 2418 2259 2467 before

397 2483 616 2531 Oratore.
688 2484 754 2532 So
801 2486 1007 2544 ἐπῃνέθη
1051 2483 1270 2543 Thucyd.
1376 2483 1465 2530 the
1505 2483 1684 2544 people
1728 2482 1794 2542 by
1837 2497 1868 2530 a
1909 2482 2093 2530 formal
2124 2497 2257 2530 com-

397 2561 455 2595 11.
483 2549 543 2595 25
566 2548 619 2595 of
649 2546 904 2605 BrasidaS,
927 2547 1040 2594 who
1063 2561 1163 2594 was
1187 2547 1275 2594 the
1374 2546 1539 2607 plaint
1575 2546 1845 2609 (προβολή).
1911 2546 2084 2594 Hence
2124 2566 2258 2595 κατε-

395 2611 506 2658 first
559 2611 612 2659 of
659 2611 748 2658 the
784 2611 1027 2671 Spartans
1079 2610 1137 2658 in
1190 2610 1278 2658 the

395 2674 797 2735 Peloponnesium
819 2689 920 2721 war
948 2675 1064 2722 that
1095 2674 1277 2722 receiv-

395 2738 458 2786 ed
490 2738 578 2787 the
614 2738 802 2787 thanks
837 2739 888 2785 of
922 2738 1006 2785 his
1044 2741 1275 2799 country-

394 2804 889 2865 111011.-Τιμαγόραν]
930 2802 1023 2850 See
1040 2802 1270 2862 Xenoph.

393 2866 589 2915 Hellen.
619 2880 710 2915 vn.
743 2868 785 2915 1.
825 2866 992 2913 When
1010 2865 1277 2926 Pelopidas

394 2934 525 2978 went
567 2945 635 2978 on
689 2944 758 2978 an
811 2930 1042 2991 embassy
1084 2931 1139 2977 to
1187 2929 1276 2978 the

394 2997 536 3042 court
557 2994 610 3041 of
643 2993 773 3043 Susa
810 2994 902 3043 367
936 3008 1051 3053 B.c.,
1094 2993 1180 3041 the
1211 2994 1275 3040 A·

393 3055 604 3105 thenian
625 3071 812 3118 envoys
848 3058 1140 3118 Timagoras
1175 3057 1275 3105 and

392 3119 532 3168 Leon
553 3123 660 3168 met
680 3121 792 3169 him
814 3115 972 3169 there.
1042 3120 1149 3169 The
1173 3122 1270 3169 for-

393 3198 500 3232 mer
528 3200 629 3232 was
660 3199 726 3233 on
756 3184 839 3232 his
862 3188 1039 3233 return
1062 3185 1273 3233 aoeused

392 3247 459 3308 by
479 3248 562 3295 his
584 3249 838 3308 colleague
862 3247 921 3298 ὠς
944 3252 1050 3298 οὔτε
1072 3266 1272 3307 συσκην-

391 3315 470 3359 οῦν
485 3315 639 3361 ἐθέλοι
656 3314 821 3372 ἑαυτῷ,
844 3316 966 3371 μετά
988 3331 1043 3360 τε
1066 3315 1273 3361 Πελοπί-

392 3378 473 3424 δου
508 3378 669 3425 πάντα
705 3380 980 3438 βουλεύοιτο
1017 3376 1269 3436 (Xenoph.

390 3441 493 3498 §28
529 3440 696 3488 where
735 3454 816 3487 see
848 3439 1146 3550 Schneider&
1170 3440 1272 3488 and

387 3505 481 3563 put
510 3505 563 3552 to
603 3502 770 3553 death.
846 3504 939 3553 See
972 3504 1080 3551 also
1148 3503 1271 3551 elow

388 3581 437 3627 p.
462 3569 555 3616 383
581 3571 608 3628 ἓ
635 3569 746 3626 150,
780 3581 829 3628 p.
858 3569 953 3615 400
975 3570 999 3625 g
1021 3568 1131 3624 211,
1168 3567 1270 3615 and

390 3630 589 3684 Thirlw.
617 3646 667 3683 v.
700 3645 753 3693 p.
795 3631 904 3693 123,
950 3631 1057 3682 124
1130 3630 1268 3681 Such

1377 2612 1717 2672 χειροτόνησεν.
1757 2610 1940 2660 Aneod.
1965 2611 2121 2659 Bekk.
2145 2611 2255 2670 268,

1378 2675 1439 2722 25
1484 2677 1892 2735 καταχειροτονία;
1927 2678 1983 2723 τὸ
2008 2677 2091 2723 τὸν
2112 2677 2257 2735 δῆμον

1376 2741 1631 2787 ἐπινεῦσαι.
1686 2742 1900 2800 προβολὴ
1943 2742 2039 2800 ’γὰρ
2094 2743 2144 2788 ἐν
2188 2742 2259 2801 τῷ

1376 2802 1507 2864 δήμῳ
1528 2806 1718 2863 ἐγένετο
1742 2803 1866 2850 κατα
1886 2803 1983 2851 τῶν
2020 2806 2258 2865 ἀρχόντων

1376 2870 1452 2914 καὶ
1498 2870 1780 2928 στρατηγῶν
1835 2870 1911 2914 καὶ
1950 2870 2258 2929 συκοφαντῶν

1374 2934 1450 2978 καὶ
1481 2932 1574 2978 τῶν
1595 2935 1700 2992 περὶ
1737 2932 1803 2978 ταὶ
1837 2932 2070 2992 μυστήρια
2107 2931 2248 2992 (Mid.

1373 3008 1422 3054 p.
1454 2995 1545 3043 571
1571 2998 1596 3054 ἓ
1622 2997 1731 3054 175)
1757 2998 1833 3043 καὶ
1857 2998 2078 3044 Διονύσια
2113 2995 2253 3057 (Mid-

1364 3061 1572 3120 passim)
1615 3062 1904 3108 ἀδικούντων.
1968 3062 2046 3107 καὶ
2088 3062 2130 3107 εἰ
2170 3062 2257 3118 μὲν

1373 3124 1866 3183 καταχειροτονήσειεν
1886 3124 1911 3171 ὁ
1945 3125 2099 3183 δῆμος,
2124 3121 2256 3173 οὗτος

1374 3186 1593 3248 εἰσήγετο
1624 3189 1685 3235 εἰς
1733 3190 1788 3235 τὸ
1825 3186 2145 3248 δικαστήριον·
2214 3190 2255 3235 εἰ

1372 3253 1501 3309 δὲμὴ
1520 3251 2030 3312 καταχειροτονήσειεν,
2052 3254 2134 3298 οὐκ
2158 3253 2251 3300 εἱσ-

1369 3315 1528 3375 ήγετο.
1555 3343 1686 3351 ——
1707 3314 1905 3364 οὐδένας.
2036 3314 2129 3363 See
2183 3328 2253 3362 on

1433 3443 1543 3490 351.
1612 3442 1740 3501 536.
1779 3442 2124 3503 παρασχέσθω]
2156 3440 2250 3491 i.e.

1365 3505 1619 3567 μάρτυρας.
1688 3506 1782 3555 See
1815 3508 1936 3553 note
1969 3520 2035 3552 on
2067 3508 2093 3563 ἓ
2139 3506 2249 3553 260.

1498 3572 1537 3617 el
1550 3572 1636 3626 μὲν
1646 3571 1812 3626 τοίνυν,
1829 3570 1999 3630 κ.τ.λ.]
2020 3574 2048 3596 “
2061 3567 2251 3616 Callida

1367 3631 1646 3681 occurritur
1667 3631 1938 3694 objectioni
1963 3633 2133 3694 ipsum
2152 3632 2249 3680 De·
