2667 4142
466 194 550 259 96
1082 190 1722 258 DEMOSTHENIS

464 377 591 415 νειν
620 350 778 436 ἔφην
806 350 873 416 ἔν
915 377 980 417 τι
1023 353 1134 432 τῆς
1174 348 1595 430 εἰσαγγελίας,
1627 348 1684 413 εἰ
1719 346 1906 430 μόνος
1934 345 2342 431 Φιλοκράτης

461 454 782 518 τοσούτων
819 452 926 517 καὶ
969 452 1264 517 τοιούτων
1301 449 1703 534 ἀδικημάτων
1736 450 1933 519 αἴτιος
1969 447 2240 531 1γέγονεν,
2280 448 2345 514 οἱ

462 554 515 619 δ’
551 554 726 619 ἐννέα
768 558 893 619 τῶν
924 554 1261 638 πρέσβεων
1298 553 1569 634 μηδενός.
1658 554 1764 617 καὶ
1808 550 1921 616 οὐκ
1964 551 2123 636 ἔφην
2165 550 2339 618 τοῦθ’

461 656 658 726 οὕτως
698 656 884 744 ἔχειν·
942 655 1214 736 οὐδαμοῦ
1269 654 1394 743 1γὰρ
1452 654 1530 720 ἂν
1587 657 1860 741 φανῆναι
1918 652 2057 718 καθ’
2117 653 2341 719 ἑαυτὸν

461 759 706 836 ἐκεῖνον,
764 758 822 823 εἰ
863 757 950 840 μὴ
996 757 1137 827 τοὺς
1195 757 1802 841 συναγωνιζομένους
1871 755 2108 821 τούτων
2166 754 2338 826 τινὰς

322 884 429 941 117
459 859 647 948 εἶχεν.
739 860 811 926 ἵν’
870 860 976 926 οὖν
1030 857 1174 942 μήτ’
1234 858 1377 943 ἀφῶ
1432 857 1577 941 μήτ’
1636 856 2025 938 αἰτιάσωμαι
2080 856 2335 940 μηδένα,
2367 878 2475 935 127

458 965 617 1050 ἔφην
653 963 791 1047 ἐγώ,
830 962 1007 1028 ἀλλὰ
1043 962 1117 1027 τὸ
1151 960 1393 1049 πρᾶγμ’
1424 959 1576 1026 αὐτὸ
1612 961 1753 1031 τοὺς
1781 961 1897 1042 μὲν
1926 960 2162 1030 αἰτίους
2191 957 2339 1044 εὕρῃ

456 1070 597 1140 τοὺς
637 1069 702 1134 δὲ
736 1068 824 1150 μὴ
861 1067 1335 1154 μετεσχηκότας
1376 1069 1526 1154 ἀφῇ,
1566 1065 1845 1137 ἀναστὰς
1885 1067 1916 1130 ὁ
1946 1064 2339 1148 βουλόμενος

455 1173 563 1236 καὶ
591 1172 927 1257 παρελθών
956 1171 1043 1241 εἰς
1071 1170 1231 1252 ὑμᾶς
1262 1168 1707 1253 ἀποφηνάσθω
1744 1168 1832 1250 μὴ
1860 1170 2150 1256 μετέχειν
2176 1168 2336 1249 μηδὲ

302 1295 426 1361 377
454 1274 742 1357 ἀρέσκειν
770 1272 939 1361 αὑτῷ
967 1271 1048 1339 τὰ
1075 1272 1200 1339 ὑπὸ
1229 1270 1667 1358 Φιλοκράτους
1707 1271 2142 1358 πεπραγμένα.
2175 1271 2187 1357 1
2228 1272 2339 1335 καὶ

451 1379 559 1441 τὸν
601 1381 785 1443 τοῦτο
823 1375 1188 1457 ποιήσαντα
1229 1374 1464 1458 ἀφίημι
1494 1372 1694 1457 ἔγωγ’,
1731 1376 1902 1456 ἔφην.
1975 1378 2177 1439 ταῦτα
2204 1373 2332 1459 «γὰρ

452 1477 877 1560 μνημονεύετε,
911 1476 992 1547 ὥς
1021 1474 1144 1559 ἐγώ
1174 1474 1364 1557 οἶμαι.
1439 1475 1512 1540 οὐ
1542 1475 1751 1540 τοίνυν
1779 1474 2108 1561 παρῆλθεν
2137 1474 2334 1545 οὐδεὶς

315 1590 425 1646 118
454 1580 576 1644 οὐδ’
608 1580 834 1663 ἔδειξεν
865 1578 1097 1645 ἑαυτόν.
1188 1579 1293 1643 καὶ
1323 1580 1448 1643 τῶν
1474 1578 1590 1659 μὲν
1619 1577 1842 1643 ἄλλων
1872 1578 2049 1643 ἔστιν
2079 1576 2331 1663 ἑκάστῳ
2362 1588 2465 1644 128

451 1711 545 1753 τις
574 1683 912 1769 πρόφασις·
956 1682 989 1747 ὁ
1016 1682 1132 1764 μὲν
1162 1681 1282 1771 οὐχ
1310 1679 1648 1751 ὑπεύθυνος
1674 1680 1768 1763 ἦν,
1801 1679 1834 1744 ὃ
1863 1679 1916 1744 δ’
1945 1678 2093 1768 οὐχὶ
2121 1682 2333 1767 παρῆν

453 1788 621 1862 ἴσως,
666 1789 755 1873 τῷ
798 1785 863 1850 δὲ
908 1785 1212 1866 κηδεστὴς
1257 1784 1334 1865 ἦν
1365 1785 1510 1849 ἐκεῖ·
1556 1780 1756 1870 τούτῳ
1786 1783 1838 1847 δ’
1870 1783 2046 1849 οὐδὲν
2077 1783 2325 1849 τούτων.

448 1960 625 2009 vivum
646 1975 869 2009 resecare
895 1996 908 2010 .
977 1960 1238 2021 Quantula
1260 1958 1564 2009 auctoritate
1595 1958 1722 2007 haee
1755 1958 2007 2019 scriptura
2041 1958 2238 2006 nitatur
2269 1956 2326 2005 in

448 2024 713 2074 Demosth.
744 2024 851 2073 Cod
889 2061 901 2073 .
925 2025 1096 2073 taedet
1121 2025 1352 2073 seribere.
1420 2024 1589 2071 Habet
1611 2023 1696 2071 hio
1718 2023 1928 2070 nonnisi
1951 2023 2009 2070 Β.
2043 2024 2323 2086 [““’Ῑ”περεί-

452 2092 532 2137 δου
565 2088 866 2150 scripturam
886 2104 1004 2137 oum
1026 2104 1197 2137 veram
1216 2103 1325 2137 8888
1348 2088 1523 2136 dooere
1546 2086 1815 2135 videantur
1835 2090 2104 2148 poetarum
2120 2087 2218 2134 loci
2241 2101 2319 2147 ap.

448 2152 634 2201 Athen.
658 2168 773 2201 v111.
791 2168 842 2214 p.
866 2154 960 2202 342
983 2155 1028 2201 A
1056 2153 1175 2216 [loci
1198 2152 1439 2201 Timoolis
1457 2151 1591 2200 nihil
1611 2151 1850 2212 probant:
1885 2151 1942 2198 in
1965 2154 2179 2211 utroque
2203 2153 2324 2210 -ἴδης

448 2218 530 2266 lex
552 2217 764 2265 metrica
785 2217 998 2279 patitur]
1033 2219 1083 2266 et
1106 2217 1253 2265 Phot.
1277 2216 1397 2265 bibl.
1417 2232 1468 2278 p.
1489 2216 1601 2274 495,
1630 2217 1708 2273 13,
1737 2215 1898 2263 altera
1929 2218 2105 2262 tamen
2137 2229 2324 2275 magno

449 2280 607 2329 Codd.
631 2280 779 2330 MSS.
803 2296 1057 2330 consensu
1077 2280 1410 2330 defenditur’'
1443 2281 1636 2329 Baiter.
1661 2279 1726 2328 ad
1750 2279 1962 2340 Lyeurg.
1992 2294 2042 2339 p.
2070 2280 2180 2327 105.
2246 2280 2322 2327 De

449 2345 703 2394 scribendi
723 2346 921 2394 ratione
944 2345 1212 2405 Kiessling.
1242 2345 1304 2393 de
1328 2344 1585 2405 Hyperide
1609 2343 1818 2392 Oratore
1839 2343 2010 2391 Attico
2033 2343 2318 2391 Commeat.

448 2424 533 2471 pp.
580 2411 641 2460 16
652 2410 786 2469 -18,
834 2410 978 2470 eujus
1029 2410 1263 2471 opusculi
1305 2409 1546 2457 notitiam
1587 2408 1687 2457 viri
1740 2407 1875 2455 docti
1930 2406 1986 2454 G.
2025 2407 2317 2469 Babington

448 2473 761 2522 humanitati
781 2473 1232 2536 debeo.]——Infr.
1260 2476 1604 2536 συμπρέσβεων
1625 2473 1674 2520 11.
1692 2475 1782 2521 am.
1801 2475 1880 2520 om.
1897 2471 1978 2519 Al.
1998 2472 2144 2520 Harl.
2203 2472 2324 2521 Mox

450 2539 555 2588 καθ’
580 2540 719 2586 αὐτὸν
743 2538 791 2588 S.
816 2540 973 2586 Dmn.
997 2539 1168 2586 Voma.
1190 2538 1358 2585 ΒΕΚΚ.
1384 2539 1449 2585 st.

548 2606 575 2663 ἓ
612 2603 718 2653 127.
792 2603 915 2650 Ρο81
958 2605 1291 2664 Φιλοκράτους,
1343 2603 1560 2662 εἰρημένα
1600 2619 1680 2663 γρ.
1739 2599 1791 2649 S.
1834 2599 1893 2661 Q.
2058 2600 2323 2660 ποιήσοντα

451 2667 510 2715 Ο.
532 2667 643 2715 kar.
661 2669 696 2714 t.
717 2681 765 2715 u.
784 2682 833 2713 v.
850 2666 930 2716 ΑΙ.
950 2667 1030 2715 A2.
1048 2668 1110 2715 B.
1146 2665 1346 2715 solenni
1375 2664 1692 2722 confusione,
1726 2664 1830 2713 vid.
1861 2668 1886 2725 ἓ
1911 2666 1987 2715 91.
2062 2665 2183 2712 Mox
2215 2666 2323 2726 (pro

450 2732 564 2793 γάρ)
591 2733 669 2779 καὶ
690 2730 749 2777 F.
765 2730 825 2778 Y.
845 2731 903 2790 Q.
920 2733 956 2780 t.
974 2746 1025 2779 u.
1043 2744 1092 2779 v.
1133 2734 1231 2793 γὰρ
1253 2733 1331 2780 καὶ
1357 2729 1461 2778 8111.
1496 2732 1593 2792 γὰρ
1614 2743 1715 2778 om.
1743 2728 1795 2779 S.
1833 2729 1932 2778 En.
1963 2729 2144 2778 Turno.
2165 2730 2321 2778 Dum.

450 2795 622 2845 Voma.
650 2795 813 2843 Bmm.
839 2797 902 2843 81.
1998 2849 2003 2856 .

549 2860 573 2918 ἓ
607 2858 713 2908 128.
783 2861 912 2907 ἔστιν
955 2858 1007 2908 S.
1045 2859 1181 2919 vulg.
1223 2860 1345 2907 ante
1387 2857 1557 2907 Reisk.
1615 2858 1784 2906 Bmcx.
1833 2859 1898 2906 81.
1966 2858 2122 2919 [ἐστὶν
2164 2857 2320 2905 Dum.

451 2922 644 2984 VOEM]
710 2922 959 2971 Revocavi
982 2922 1152 2971 hodie.
1220 2922 1449 2983 κηδεστής
1494 2925 1624 2972 ἐστιν
1663 2925 1850 2973 ἐκεῖνος.
1920 2921 1972 2971 S.
2008 2922 2108 2969 En.
2147 2922 2322 2971 TUBIG.

452 3093 579 3127 were
599 3079 692 3139 put
725 3080 778 3126 to
809 3077 961 3125 death
995 3080 1048 3126 at
1075 3078 1167 3126 1118
1199 3092 1340 3127 881118
1506 3080 1617 3131 377.
1684 3081 1710 3139 ἓ
1749 3081 1859 3128 128.
1915 3081 1988 3140 τῷ
2017 3082 2068 3128 δὲ
2099 3082 2326 3139 κηδεστὴς

454 3143 580 3190 time
655 3142 721 3203 by
785 3142 1094 3202 Antipater's
1144 3142 1331 3194 orderS.
1441 3141 1502 3203 ἦν
1523 3142 1641 3206 ἐκεῖ]
1679 3149 1706 3171 “
1726 3143 1954 3191 Another
1986 3143 2092 3191 had
2127 3159 2159 3193 a
2192 3159 2322 3192 mar-

456 3206 659 3255 Tbirlw,
693 3221 784 3256 v11.
828 3208 927 3270 195
943 3206 1343 3269 Ῑοῑῑ.-οὐδαμοῦ
1437 3207 1901 3268 riage-oonneotion
1937 3208 1996 3256 in
2030 3208 2326 3257 Macedonia

454 3270 514 3319 ἂν
535 3273 756 3333 φανῆναι]
804 3276 835 3299 “
852 3271 1015 3319 would
1047 3271 1177 3320 have
1212 3272 1340 3320 been
1443 3272 1562 3330 (and
1615 3272 1866 3320 therefore
1920 3286 2023 3320 was
2067 3272 2233 3320 afraid
2274 3272 2326 3320 of

454 3335 575 3383 held
619 3335 676 3382 in
718 3350 785 3382 no
825 3335 1136 3391 estimation,
1173 3334 1340 3383 would
1439 3336 1651 3397 Philip's
1668 3337 1921 3396 wreaking
1936 3335 2020 3384 his
2039 3350 2324 3396 vangeanoe

453 3399 582 3447 have
605 3399 729 3448 been
750 3399 971 3459 thought
991 3399 1208 3459 nothing
1229 3400 1334 3447 of.’'
1439 3415 1579 3460 upon
1600 3400 1682 3448 his
1705 3400 1947 3463 relative).
1960 3403 1989 3426 ”
2055 3400 2212 3449 What
2234 3400 2322 3449 1118

454 3464 547 3513 See
565 3463 627 3511 de
659 3464 839 3512 Coron.
860 3478 910 3523 p.
936 3465 1031 3512 328
1052 3467 1078 3524 ἓ
1102 3464 1210 3523 310,
1235 3463 1339 3512 and
1437 3464 1632 3525 precise
1653 3464 1894 3524 meaning
1922 3464 1975 3511 of
1994 3463 2138 3511 these
2163 3464 2323 3513 words

455 3527 792 3590 Wyttenbaoh
845 3541 913 3574 on
965 3528 1097 3575 Plat.
1147 3528 1336 3576 Phaed.
1437 3528 1482 3576 is
1504 3544 1578 3578 we
1601 3530 1790 3577 cannot
1818 3527 1910 3585 tell
1939 3527 2157 3576 without
2188 3543 2322 3577 more

452 3606 498 3652 p.
541 3593 602 3643 72
635 3592 690 3650 G,
715 3606 772 3639 or
800 3590 1052 3640 Heindorf
1084 3607 1152 3641 on
1183 3593 1329 3653 Gorg.
1434 3592 1789 3641 information.
1855 3592 1883 3639 1
1897 3592 2132 3640 conceive
2154 3594 2323 3642 ἐκεῖνος

453 3656 547 3705 456
570 3656 625 3704 C.
1435 3656 1481 3705 18
1519 3657 1712 3718 merely
1743 3670 1811 3704 an
1839 3655 2111 3705 alteration
2148 3657 2202 3705 of
2232 3656 2320 3706 tho
