<?xml version="1.0" encoding="UTF-8"?>
<!DOCTYPE html PUBLIC "-//W3C//DTD XHTML 1.0 Transitional//EN"
    "http://www.w3.org/TR/xhtml1/DTD/xhtml1-transitional.dtd">
<html xmlns="http://www.w3.org/1999/xhtml" xml:lang="en" lang="en">
 <head>
  <title>
</title>
<meta http-equiv="Content-Type" content="text/html;charset=utf-8" />
  <meta name='ocr-system' content='tesseract 3.04.00' />
  <meta name='ocr-capabilities' content='ocr_page ocr_carea ocr_par ocr_line ocrx_word'/>
</head>
<body>
  <div class='ocr_page' id='page_1' title='image "./demosthenisdefa02shilgoog_0025.png"; bbox 0 0 2667 4142; ppageno 0'>
   <div class='ocr_carea' id='block_1_1' title="bbox 1320 257 1357 315">
    <p class='ocr_par' dir='ltr' id='par_1_1' title="bbox 1320 257 1357 315">
     <span class='ocr_line' id='line_1_1' title="bbox 1320 257 1357 315; baseline 0 0"><span class='ocrx_word' id='word_1_1' title='bbox 1320 257 1357 315; x_wconf 84' lang='lat'>5</span> 
     </span>
    </p>
   </div>
   <div class='ocr_carea' id='block_1_2' title="bbox 403 406 2433 3152">
    <p class='ocr_par' dir='ltr' id='par_1_2' title="bbox 403 406 2433 3152">
     <span class='ocr_line' id='line_1_2' title="bbox 405 406 2276 490; baseline 0.002 -17"><span class='ocrx_word' id='word_1_2' title='bbox 405 406 722 474; x_wconf 79' lang='grc' dir='ltr'>ἀπελθεῖν·</span> <span class='ocrx_word' id='word_1_3' title='bbox 764 408 870 474; x_wconf 86' lang='grc' dir='ltr'>καὶ</span> <span class='ocrx_word' id='word_1_4' title='bbox 913 408 1072 475; x_wconf 74' lang='grc' dir='ltr'>ὅπου</span> <span class='ocrx_word' id='word_1_5' title='bbox 1115 408 1195 475; x_wconf 82' lang='grc' dir='ltr'>ἂν</span> <span class='ocrx_word' id='word_1_6' title='bbox 1236 409 1387 475; x_wconf 84' lang='grc' dir='ltr'>ὄντα</span> <span class='ocrx_word' id='word_1_7' title='bbox 1428 409 1750 476; x_wconf 80' lang='grc' dir='ltr'>πύθωνται</span> <span class='ocrx_word' id='word_1_8' title='bbox 1785 407 2138 490; x_wconf 87' lang='grc' dir='ltr'>Φίλιππον,</span> <span class='ocrx_word' id='word_1_9' title='bbox 2179 409 2276 477; x_wconf 92' lang='grc' dir='ltr'>δεῖ</span> 
     </span>
     <span class='ocr_line' id='line_1_3' title="bbox 404 508 2277 598; baseline 0.002 -24"><span class='ocrx_word' id='word_1_10' title='bbox 404 509 625 580; x_wconf 77' lang='grc' dir='ltr'>αὐτοὺς</span> <span class='ocrx_word' id='word_1_11' title='bbox 668 508 966 576; x_wconf 78' lang='grc' dir='ltr'>ἀπελθεῖν</span> <span class='ocrx_word' id='word_1_12' title='bbox 1000 511 1104 576; x_wconf 86' lang='grc' dir='ltr'>καὶ</span> <span class='ocrx_word' id='word_1_13' title='bbox 1149 511 1402 577; x_wconf 69' lang='grc' dir='ltr'>ἐκεῖσε10</span> <span class='ocrx_word' id='word_1_14' title='bbox 1443 511 1581 581; x_wconf 80' lang='grc' dir='ltr'>τοὺς</span> <span class='ocrx_word' id='word_1_15' title='bbox 1624 511 1841 598; x_wconf 73' lang='grc' dir='ltr'>ὅρκους</span> <span class='ocrx_word' id='word_1_16' title='bbox 1881 513 2125 589; x_wconf 79' lang='grc' dir='ltr'>λαβεῖν.</span> <span class='ocrx_word' id='word_1_17' title='bbox 2213 511 2277 577; x_wconf 84' lang='grc' dir='ltr'>οἱ</span> 
     </span>
     <span class='ocr_line' id='line_1_4' title="bbox 403 607 2274 694; baseline 0.003 -21"><span class='ocrx_word' id='word_1_18' title='bbox 403 607 472 674; x_wconf 84' lang='grc' dir='ltr'>δὲ</span> <span class='ocrx_word' id='word_1_19' title='bbox 498 610 584 690; x_wconf 86' lang='grc' dir='ltr'>μὴ</span> <span class='ocrx_word' id='word_1_20' title='bbox 596 610 636 643; x_wconf 81' lang='lat'>¹¹</span> <span class='ocrx_word' id='word_1_21' title='bbox 666 610 1025 681; x_wconf 78' lang='grc' dir='ltr'>πεισθέντες</span> <span class='ocrx_word' id='word_1_22' title='bbox 1053 615 1207 694; x_wconf 78' lang='grc' dir='ltr'>πεζῇ</span> <span class='ocrx_word' id='word_1_23' title='bbox 1242 611 1553 692; x_wconf 78' lang='grc' dir='ltr'>ἀπῆλθον,</span> <span class='ocrx_word' id='word_1_24' title='bbox 1601 612 1705 677; x_wconf 84' lang='grc' dir='ltr'>καὶ</span> <span class='ocrx_word' id='word_1_25' title='bbox 1745 613 1830 681; x_wconf 85' lang='grc' dir='ltr'>εἶς</span> <span class='ocrx_word' id='word_1_26' title='bbox 1874 612 2274 678; x_wconf 81' lang='grc' dir='ltr'>Μακεδονίαν</span> 
     </span>
     <span class='ocr_line' id='line_1_5' title="bbox 403 710 2433 800; baseline 0.002 -25"><span class='ocrx_word' id='word_1_27' title='bbox 403 710 783 782; x_wconf 75' lang='grc' dir='ltr'>ἀπελθόντες</span> <span class='ocrx_word' id='word_1_28' title='bbox 805 712 1108 778; x_wconf 83' lang='grc' dir='ltr'>ἐκάθισαν</span> <span class='ocrx_word' id='word_1_29' title='bbox 1128 711 1310 783; x_wconf 69' lang='grc' dir='ltr'>ὅλους</span> <span class='ocrx_word' id='word_1_30' title='bbox 1331 719 1494 798; x_wconf 85' lang='grc' dir='ltr'>τρεῖς</span> <span class='ocrx_word' id='word_1_31' title='bbox 1521 716 1735 795; x_wconf 82' lang='grc' dir='ltr'>μῆνας,</span> <span class='ocrx_word' id='word_1_32' title='bbox 1774 715 1787 800; x_wconf 80' lang='grc'>1</span> <span class='ocrx_word' id='word_1_33' title='bbox 1824 714 1938 786; x_wconf 82' lang='grc' dir='ltr'>ἕως</span> <span class='ocrx_word' id='word_1_34' title='bbox 1960 713 2031 778; x_wconf 85' lang='grc' dir='ltr'>οὗ</span> <span class='ocrx_word' id='word_1_35' title='bbox 2056 713 2275 780; x_wconf 82' lang='grc' dir='ltr'>πολλὰ</span> <span class='ocrx_word' id='word_1_36' title='bbox 2309 723 2433 789; x_wconf 83' lang='grc'>337</span> 
     </span>
     <span class='ocr_line' id='line_1_6' title="bbox 404 812 2274 903; baseline 0.002 -25"><span class='ocrx_word' id='word_1_37' title='bbox 404 817 529 878; x_wconf 79' lang='grc' dir='ltr'>τῶν</span> <span class='ocrx_word' id='word_1_38' title='bbox 572 812 927 893; x_wconf 87' lang='grc' dir='ltr'>Ἀθηναίων</span> <span class='ocrx_word' id='word_1_39' title='bbox 969 813 1176 903; x_wconf 83' lang='grc' dir='ltr'>χωρία</span> <span class='ocrx_word' id='word_1_40' title='bbox 1233 817 1688 902; x_wconf 73' lang='grc' dir='ltr'>καταστρέψας</span> <span class='ocrx_word' id='word_1_41' title='bbox 1745 814 2101 900; x_wconf 83' lang='grc' dir='ltr'>ὑπέστρεφε</span> <span class='ocrx_word' id='word_1_42' title='bbox 2158 816 2274 881; x_wconf 89' lang='grc' dir='ltr'>Φί-</span> 
     </span>
     <span class='ocr_line' id='line_1_7' title="bbox 405 916 2274 1004; baseline 0.001 -24"><span class='ocrx_word' id='word_1_43' title='bbox 405 925 662 994; x_wconf 89' lang='grc' dir='ltr'>λιππος,</span> <span class='ocrx_word' id='word_1_44' title='bbox 716 919 781 982; x_wconf 87' lang='grc' dir='ltr'>ἐν</span> <span class='ocrx_word' id='word_1_45' title='bbox 831 916 923 989; x_wconf 79' lang='grc' dir='ltr'>οἷς</span> <span class='ocrx_word' id='word_1_46' title='bbox 973 919 1081 983; x_wconf 88' lang='grc' dir='ltr'>καὶ</span> <span class='ocrx_word' id='word_1_47' title='bbox 1128 918 1654 1004; x_wconf 76' lang='grc' dir='ltr'>Κερσοβλέπτης.</span> <span class='ocrx_word' id='word_1_48' title='bbox 1739 918 1845 983; x_wconf 87' lang='grc' dir='ltr'>καὶ</span> <span class='ocrx_word' id='word_1_49' title='bbox 1907 918 2108 983; x_wconf 76' lang='grc' dir='ltr'>ἐλθὼν</span> <span class='ocrx_word' id='word_1_50' title='bbox 2164 917 2274 983; x_wconf 80' lang='grc' dir='ltr'>οὐκ</span> 
     </span>
     <span class='ocr_line' id='line_1_8' title="bbox 407 1018 2273 1108; baseline 0 -24"><span class='ocrx_word' id='word_1_51' title='bbox 407 1018 580 1087; x_wconf 75' lang='grc' dir='ltr'>εὐθὺς</span> <span class='ocrx_word' id='word_1_52' title='bbox 623 1019 951 1108; x_wconf 89' lang='grc' dir='ltr'>παρέσχεν</span> <span class='ocrx_word' id='word_1_53' title='bbox 994 1020 1204 1091; x_wconf 80' lang='grc' dir='ltr'>αὐτοῖς</span> <span class='ocrx_word' id='word_1_54' title='bbox 1252 1023 1394 1091; x_wconf 81' lang='grc' dir='ltr'>τοὺς</span> <span class='ocrx_word' id='word_1_55' title='bbox 1437 1020 1674 1106; x_wconf 75' lang='grc' dir='ltr'>ὅρκους,</span> <span class='ocrx_word' id='word_1_56' title='bbox 1733 1018 1882 1085; x_wconf 81' lang='grc' dir='ltr'>ἀλλ’</span> <span class='ocrx_word' id='word_1_57' title='bbox 1934 1018 2221 1086; x_wconf 78' lang='grc' dir='ltr'>εἵλκυσεν</span> <span class='ocrx_word' id='word_1_58' title='bbox 2232 1020 2273 1052; x_wconf 82' lang='lat'>¹²</span> 
     </span>
     <span class='ocr_line' id='line_1_9' title="bbox 408 1119 2274 1209; baseline 0.002 -25"><span class='ocrx_word' id='word_1_59' title='bbox 408 1119 642 1198; x_wconf 77' lang='grc' dir='ltr'>αὐτούς,</span> <span class='ocrx_word' id='word_1_60' title='bbox 675 1122 786 1193; x_wconf 81' lang='grc' dir='ltr'>ἕως</span> <span class='ocrx_word' id='word_1_61' title='bbox 813 1123 1155 1209; x_wconf 76' lang='grc' dir='ltr'>ηὐτρέπισε</span> <span class='ocrx_word' id='word_1_62' title='bbox 1182 1124 1298 1205; x_wconf 85' lang='grc' dir='ltr'>τὴν</span> <span class='ocrx_word' id='word_1_63' title='bbox 1327 1124 1435 1188; x_wconf 90' lang='grc' dir='ltr'>ἐπὶ</span> <span class='ocrx_word' id='word_1_64' title='bbox 1464 1122 1725 1193; x_wconf 86' lang='grc' dir='ltr'>Φωκέας</span> <span class='ocrx_word' id='word_1_65' title='bbox 1753 1124 2104 1206; x_wconf 83' lang='grc' dir='ltr'>στρατείαν,</span> <span class='ocrx_word' id='word_1_66' title='bbox 2138 1124 2274 1189; x_wconf 86' lang='grc' dir='ltr'>καί·</span> 
     </span>
     <span class='ocr_line' id='line_1_10' title="bbox 407 1225 2274 1313; baseline 0.002 -26"><span class='ocrx_word' id='word_1_67' title='bbox 407 1250 505 1289; x_wconf 88' lang='grc' dir='ltr'>τοι</span> <span class='ocrx_word' id='word_1_68' title='bbox 548 1226 1126 1310; x_wconf 78' lang='grc' dir='ltr'>πρεσβευσαμένων</span> <span class='ocrx_word' id='word_1_69' title='bbox 1174 1227 1329 1311; x_wconf 90' lang='grc' dir='ltr'>πρὸς</span> <span class='ocrx_word' id='word_1_70' title='bbox 1380 1225 1566 1292; x_wconf 82' lang='grc' dir='ltr'>αὐτὸν</span> <span class='ocrx_word' id='word_1_71' title='bbox 1623 1226 1894 1291; x_wconf 88' lang='grc' dir='ltr'>Φωκέων</span> <span class='ocrx_word' id='word_1_72' title='bbox 1949 1227 2096 1313; x_wconf 88' lang='grc' dir='ltr'>περὶ</span> <span class='ocrx_word' id='word_1_73' title='bbox 2143 1226 2274 1292; x_wconf 86' lang='grc' dir='ltr'>δια-</span> 
     </span>
     <span class='ocr_line' id='line_1_11' title="bbox 405 1325 2272 1411; baseline 0.002 -21"><span class='ocrx_word' id='word_1_74' title='bbox 405 1325 649 1397; x_wconf 83' lang='grc' dir='ltr'>λύσεως</span> <span class='ocrx_word' id='word_1_75' title='bbox 678 1331 791 1392; x_wconf 84' lang='grc' dir='ltr'>τοῦ</span> <span class='ocrx_word' id='word_1_76' title='bbox 818 1328 1118 1409; x_wconf 85' lang='grc' dir='ltr'>πολέμου.</span> <span class='ocrx_word' id='word_1_77' title='bbox 1206 1329 1310 1393; x_wconf 88' lang='grc' dir='ltr'>καὶ</span> <span class='ocrx_word' id='word_1_78' title='bbox 1358 1328 1718 1411; x_wconf 81' lang='grc' dir='ltr'>ἐξελθόντος</span> <span class='ocrx_word' id='word_1_79' title='bbox 1758 1327 1947 1396; x_wconf 77' lang='grc' dir='ltr'>αὑτοῦ</span> <span class='ocrx_word' id='word_1_80' title='bbox 1988 1328 2094 1394; x_wconf 89' lang='grc' dir='ltr'>ἐπὶ</span> <span class='ocrx_word' id='word_1_81' title='bbox 2133 1330 2272 1401; x_wconf 75' lang='grc' dir='ltr'>τοὺς</span> 
     </span>
     <span class='ocr_line' id='line_1_12' title="bbox 409 1427 2274 1516; baseline 0.002 -27"><span class='ocrx_word' id='word_1_82' title='bbox 409 1427 682 1502; x_wconf 86' lang='grc' dir='ltr'>Φωκέας,</span> <span class='ocrx_word' id='word_1_83' title='bbox 727 1428 868 1494; x_wconf 79' lang='grc' dir='ltr'>ἀντὶ</span> <span class='ocrx_word' id='word_1_84' title='bbox 911 1433 1018 1493; x_wconf 85' lang='grc' dir='ltr'>τοῦ</span> <span class='ocrx_word' id='word_1_85' title='bbox 1063 1435 1425 1515; x_wconf 87' lang='grc' dir='ltr'>παρασχεῖν</span> <span class='ocrx_word' id='word_1_86' title='bbox 1469 1429 1534 1495; x_wconf 88' lang='grc' dir='ltr'>ἐν</span> <span class='ocrx_word' id='word_1_87' title='bbox 1580 1430 1721 1516; x_wconf 78' lang='grc' dir='ltr'>ἱερῷ</span> <span class='ocrx_word' id='word_1_88' title='bbox 1765 1431 1906 1499; x_wconf 82' lang='grc' dir='ltr'>τοὺς</span> <span class='ocrx_word' id='word_1_89' title='bbox 1950 1429 2168 1514; x_wconf 69' lang='grc' dir='ltr'>ὅρκους</span> <span class='ocrx_word' id='word_1_90' title='bbox 2207 1431 2274 1494; x_wconf 87' lang='grc' dir='ltr'>ἐν</span> 
     </span>
     <span class='ocr_line' id='line_1_13' title="bbox 408 1528 2276 1618; baseline 0.001 -24"><span class='ocrx_word' id='word_1_91' title='bbox 408 1528 812 1618; x_wconf 58' lang='grc' dir='ltr'>πανδοχείῳη</span> <span class='ocrx_word' id='word_1_92' title='bbox 845 1528 1143 1617; x_wconf 70' lang='grc' dir='ltr'>’παρέσχε</span> <span class='ocrx_word' id='word_1_93' title='bbox 1185 1529 1387 1613; x_wconf 65' lang='grc' dir='ltr'>λέγων</span> <span class='ocrx_word' id='word_1_94' title='bbox 1430 1529 1592 1599; x_wconf 73' lang='grc' dir='ltr'>οὕτω</span> <span class='ocrx_word' id='word_1_95' title='bbox 1634 1539 1669 1566; x_wconf 88' lang='grc'><strong>“</strong></span> <span class='ocrx_word' id='word_1_96' title='bbox 1687 1530 2046 1614; x_wconf 86' lang='grc' dir='ltr'>σπένδομαι</span> <span class='ocrx_word' id='word_1_97' title='bbox 2085 1529 2276 1610; x_wconf 86' lang='grc' dir='ltr'>Ἀθη-</span> 
     </span>
     <span class='ocr_line' id='line_1_14' title="bbox 408 1634 2274 1726; baseline 0.003 -28"><span class='ocrx_word' id='word_1_98' title='bbox 408 1634 600 1704; x_wconf 89' lang='grc' dir='ltr'>ναίοις</span> <span class='ocrx_word' id='word_1_99' title='bbox 629 1635 736 1699; x_wconf 88' lang='grc' dir='ltr'>καὶ</span> <span class='ocrx_word' id='word_1_100' title='bbox 773 1639 901 1705; x_wconf 93' lang='grc' dir='ltr'>τοῖς</span> <span class='ocrx_word' id='word_1_101' title='bbox 944 1634 1296 1716; x_wconf 86' lang='grc' dir='ltr'>Ἀθηναίων</span> <span class='ocrx_word' id='word_1_102' title='bbox 1339 1635 1704 1725; x_wconf 82' lang='grc' dir='ltr'>συμμάχοις</span> <span class='ocrx_word' id='word_1_103' title='bbox 1743 1638 1939 1726; x_wconf 91' lang='grc' dir='ltr'>χωρὶς</span> <span class='ocrx_word' id='word_1_104' title='bbox 1979 1635 2274 1703; x_wconf 58' lang='grc' dir='ltr'>εΑλέων14</span> 
     </span>
     <span class='ocr_line' id='line_1_15' title="bbox 408 1737 2276 1830; baseline 0.004 -30"><span class='ocrx_word' id='word_1_105' title='bbox 408 1738 514 1802; x_wconf 87' lang='grc' dir='ltr'>καὶ</span> <span class='ocrx_word' id='word_1_106' title='bbox 556 1737 877 1804; x_wconf 88' lang='grc' dir='ltr'>Φωκέων.”</span> <span class='ocrx_word' id='word_1_107' title='bbox 963 1737 1143 1821; x_wconf 65' lang='grc' dir='ltr'>ἔλεγε</span> <span class='ocrx_word' id='word_1_108' title='bbox 1182 1738 1305 1828; x_wconf 67' lang='grc' dir='ltr'>*γὰρ</span> <span class='ocrx_word' id='word_1_109' title='bbox 1349 1739 1445 1806; x_wconf 73' lang='grc' dir='ltr'>ὅτι</span> <span class='ocrx_word' id='word_1_110' title='bbox 1489 1740 1552 1805; x_wconf 86' lang='grc' dir='ltr'>οἱ</span> <span class='ocrx_word' id='word_1_111' title='bbox 1587 1742 1800 1812; x_wconf 79' lang='grc' dir='ltr'>Ἀλεῖς</span> <span class='ocrx_word' id='word_1_112' title='bbox 1849 1742 2065 1830; x_wconf 88' lang='grc' dir='ltr'>ἐχθροὶ</span> <span class='ocrx_word' id='word_1_113' title='bbox 2109 1741 2276 1822; x_wconf 80' lang='grc' dir='ltr'>ἦσαν</span> 
     </span>
     <span class='ocr_line' id='line_1_16' title="bbox 409 1839 2274 1925; baseline 0.005 -24"><span class='ocrx_word' id='word_1_114' title='bbox 409 1841 532 1903; x_wconf 82' lang='grc' dir='ltr'>τῶν</span> <span class='ocrx_word' id='word_1_115' title='bbox 558 1839 773 1925; x_wconf 88' lang='grc' dir='ltr'>φίλων</span> <span class='ocrx_word' id='word_1_116' title='bbox 798 1866 935 1921; x_wconf 86' lang='grc' dir='ltr'>μου,</span> <span class='ocrx_word' id='word_1_117' title='bbox 966 1845 1090 1905; x_wconf 82' lang='grc' dir='ltr'>τῶν</span> <span class='ocrx_word' id='word_1_118' title='bbox 1118 1841 1526 1925; x_wconf 68' lang='grc' dir='ltr'>Φαρσαλίων</span> <span class='ocrx_word' id='word_1_119' title='bbox 1569 1847 1862 1911; x_wconf 86' lang='grc' dir='ltr'>Φωκεῦσι</span> <span class='ocrx_word' id='word_1_120' title='bbox 1891 1844 1959 1909; x_wconf 88' lang='grc' dir='ltr'>δὲ</span> <span class='ocrx_word' id='word_1_121' title='bbox 1986 1843 2059 1910; x_wconf 82' lang='grc' dir='ltr'>οὗ</span> <span class='ocrx_word' id='word_1_122' title='bbox 2085 1845 2274 1911; x_wconf 86' lang='grc' dir='ltr'>σπέν-</span> 
     </span>
     <span class='ocr_line' id='line_1_17' title="bbox 409 1940 2277 2033; baseline 0.006 -29"><span class='ocrx_word' id='word_1_123' title='bbox 409 1940 608 2021; x_wconf 88' lang='grc' dir='ltr'>δομαι,</span> <span class='ocrx_word' id='word_1_124' title='bbox 670 1941 1027 2029; x_wconf 78' lang='grc' dir='ltr'>ἐπειδήπερ·</span> <span class='ocrx_word' id='word_1_125' title='bbox 1059 1942 1397 2025; x_wconf 79' lang='grc' dir='ltr'>ἠσέβησαν</span> <span class='ocrx_word' id='word_1_126' title='bbox 1442 1945 1528 2016; x_wconf 85' lang='grc' dir='ltr'>εἰς</span> <span class='ocrx_word' id='word_1_127' title='bbox 1580 1946 1653 2011; x_wconf 83' lang='grc' dir='ltr'>τὸ</span> <span class='ocrx_word' id='word_1_128' title='bbox 1706 1944 1882 2033; x_wconf 79' lang='grc' dir='ltr'>ἱερόν.</span> <span class='ocrx_word' id='word_1_129' title='bbox 1971 1946 2277 2025; x_wconf 76' lang='grc' dir='ltr'>ἐλθούσης</span> 
     </span>
     <span class='ocr_line' id='line_1_18' title="bbox 409 2040 2275 2131; baseline 0.004 -26"><span class='ocrx_word' id='word_1_130' title='bbox 409 2040 518 2106; x_wconf 80' lang='grc' dir='ltr'>οὖν</span> <span class='ocrx_word' id='word_1_131' title='bbox 559 2045 668 2122; x_wconf 90' lang='grc' dir='ltr'>τῆς</span> <span class='ocrx_word' id='word_1_132' title='bbox 711 2042 997 2131; x_wconf 84' lang='grc' dir='ltr'>δευτέρας</span> <span class='ocrx_word' id='word_1_133' title='bbox 1038 2046 1389 2130; x_wconf 81' lang='grc' dir='ltr'>πρεσβείας</span> <span class='ocrx_word' id='word_1_134' title='bbox 1418 2047 1502 2116; x_wconf 84' lang='grc' dir='ltr'>εἰς</span> <span class='ocrx_word' id='word_1_135' title='bbox 1530 2046 1642 2128; x_wconf 90' lang='grc' dir='ltr'>τὴν</span> <span class='ocrx_word' id='word_1_136' title='bbox 1676 2046 1975 2126; x_wconf 86' lang='grc' dir='ltr'>Ἀττικὴν</span> <span class='ocrx_word' id='word_1_137' title='bbox 2004 2047 2036 2111; x_wconf 87' lang='grc' dir='ltr'>ὁ</span> <span class='ocrx_word' id='word_1_138' title='bbox 2064 2052 2275 2129; x_wconf 90' lang='grc' dir='ltr'>Δημο-</span> 
     </span>
     <span class='ocr_line' id='line_1_19' title="bbox 410 2142 2278 2235; baseline 0.004 -28"><span class='ocrx_word' id='word_1_139' title='bbox 410 2142 634 2222; x_wconf 84' lang='grc' dir='ltr'>σθένης</span> <span class='ocrx_word' id='word_1_140' title='bbox 680 2146 1029 2226; x_wconf 83' lang='grc' dir='ltr'>ἐστασίαζε,</span> <span class='ocrx_word' id='word_1_141' title='bbox 1064 2149 1277 2229; x_wconf 58' lang='grc' dir='ltr'>λέγων,</span> <span class='ocrx_word' id='word_1_142' title='bbox 1302 2147 1400 2214; x_wconf 73' lang='grc' dir='ltr'>ὅτι</span> <span class='ocrx_word' id='word_1_143' title='bbox 1445 2148 1556 2215; x_wconf 79' lang='grc' dir='ltr'>οὐκ</span> <span class='ocrx_word' id='word_1_144' title='bbox 1590 2147 1844 2235; x_wconf 79' lang='grc' dir='ltr'>ἀρέσκει</span> <span class='ocrx_word' id='word_1_145' title='bbox 1891 2176 2000 2230; x_wconf 90' lang='grc' dir='ltr'>μοι</span> <span class='ocrx_word' id='word_1_146' title='bbox 2041 2150 2128 2215; x_wconf 79' lang='grc' dir='ltr'>τὰ</span> <span class='ocrx_word' id='word_1_147' title='bbox 2156 2148 2278 2215; x_wconf 82' lang='grc' dir='ltr'>ὑπὸ</span> 
     </span>
     <span class='ocr_line' id='line_1_20' title="bbox 410 2246 2277 2338; baseline 0.004 -29"><span class='ocrx_word' id='word_1_148' title='bbox 410 2246 749 2312; x_wconf 88' lang='grc' dir='ltr'>Φιλίππου</span> <span class='ocrx_word' id='word_1_149' title='bbox 776 2246 1124 2332; x_wconf 68' lang='grc' dir='ltr'>δεδογμένα.</span> <span class='ocrx_word' id='word_1_150' title='bbox 1209 2248 1244 2314; x_wconf 83' lang='grc' dir='ltr'>ὁ</span> <span class='ocrx_word' id='word_1_151' title='bbox 1273 2248 1340 2314; x_wconf 87' lang='grc' dir='ltr'>δὲ</span> <span class='ocrx_word' id='word_1_152' title='bbox 1369 2250 1680 2338; x_wconf 81' lang='grc' dir='ltr'>Αἰσχίνης</span> <span class='ocrx_word' id='word_1_153' title='bbox 1708 2252 1925 2334; x_wconf 74' lang='grc' dir='ltr'>ἔλεγεν</span> <span class='ocrx_word' id='word_1_154' title='bbox 1952 2250 2050 2317; x_wconf 72' lang='grc' dir='ltr'>ὅτι</span> <span class='ocrx_word' id='word_1_155' title='bbox 2078 2255 2277 2316; x_wconf 86' lang='grc' dir='ltr'>ταῦτα</span> 
     </span>
     <span class='ocr_line' id='line_1_21' title="bbox 412 2346 2277 2438; baseline 0.002 -26"><span class='ocrx_word' id='word_1_156' title='bbox 412 2346 548 2413; x_wconf 85' lang='grc' dir='ltr'>εἶπε</span> <span class='ocrx_word' id='word_1_157' title='bbox 576 2349 909 2420; x_wconf 88' lang='grc' dir='ltr'>Φίλιππος</span> <span class='ocrx_word' id='word_1_158' title='bbox 952 2351 1019 2416; x_wconf 88' lang='grc' dir='ltr'>ἐν</span> <span class='ocrx_word' id='word_1_159' title='bbox 1058 2354 1150 2437; x_wconf 74' lang='grc' dir='ltr'>τῷ</span> <span class='ocrx_word' id='word_1_160' title='bbox 1187 2355 1438 2438; x_wconf 78' lang='grc' dir='ltr'>φανερῷ</span> <span class='ocrx_word' id='word_1_161' title='bbox 1477 2353 1613 2435; x_wconf 90' lang='grc' dir='ltr'>ἐμοὶ</span> <span class='ocrx_word' id='word_1_162' title='bbox 1652 2352 1719 2417; x_wconf 84' lang='grc' dir='ltr'>δὲ</span> <span class='ocrx_word' id='word_1_163' title='bbox 1754 2352 1925 2418; x_wconf 85' lang='grc' dir='ltr'>εἶπεν</span> <span class='ocrx_word' id='word_1_164' title='bbox 1959 2352 2044 2424; x_wconf 83' lang='grc' dir='ltr'>εἰς</span> <span class='ocrx_word' id='word_1_165' title='bbox 2072 2354 2146 2419; x_wconf 87' lang='grc' dir='ltr'>τὸ</span> <span class='ocrx_word' id='word_1_166' title='bbox 2173 2352 2277 2424; x_wconf 84' lang='grc' dir='ltr'>οὖς</span> 
     </span>
     <span class='ocr_line' id='line_1_22' title="bbox 410 2449 2276 2537; baseline 0.003 -23"><span class='ocrx_word' id='word_1_167' title='bbox 410 2449 508 2516; x_wconf 69' lang='grc' dir='ltr'>ὅτι</span> <span class='ocrx_word' id='word_1_168' title='bbox 539 2458 574 2485; x_wconf 85' lang='grc'><strong>“</strong></span> <span class='ocrx_word' id='word_1_169' title='bbox 590 2452 763 2534; x_wconf 87' lang='grc' dir='ltr'>πλὴν</span> <span class='ocrx_word' id='word_1_170' title='bbox 791 2452 1034 2518; x_wconf 76' lang='grc' dir='ltr'>Ἀλέων</span> <span class='ocrx_word' id='word_1_171' title='bbox 1063 2453 1169 2518; x_wconf 85' lang='grc' dir='ltr'>καὶ</span> <span class='ocrx_word' id='word_1_172' title='bbox 1198 2454 1469 2519; x_wconf 88' lang='grc' dir='ltr'>Φωκέων</span> <span class='ocrx_word' id='word_1_173' title='bbox 1498 2454 1690 2531; x_wconf 87' lang='grc' dir='ltr'>εἶπον,</span> <span class='ocrx_word' id='word_1_174' title='bbox 1726 2453 1825 2519; x_wconf 77' lang='grc' dir='ltr'>ἵνα</span> <span class='ocrx_word' id='word_1_175' title='bbox 1850 2454 1937 2537; x_wconf 84' lang='grc' dir='ltr'>μὴ</span> <span class='ocrx_word' id='word_1_176' title='bbox 1971 2452 2276 2536; x_wconf 86' lang='grc' dir='ltr'>μαθόντες</span> 
     </span>
     <span class='ocr_line' id='line_1_23' title="bbox 412 2556 2276 2644; baseline 0.003 -24"><span class='ocrx_word' id='word_1_177' title='bbox 412 2557 693 2634; x_wconf 85' lang='grc' dir='ltr'>Θηβαῖοι</span> <span class='ocrx_word' id='word_1_178' title='bbox 735 2557 1336 2642; x_wconf 80' lang='grc' dir='ltr'>παραφυλάξωνται·</span> <span class='ocrx_word' id='word_1_179' title='bbox 1393 2556 1610 2628; x_wconf 78' lang='grc' dir='ltr'>αὐτοὺς</span> <span class='ocrx_word' id='word_1_180' title='bbox 1664 2557 1787 2640; x_wconf 64' lang='grc' dir='ltr'>*γὰρ</span> <span class='ocrx_word' id='word_1_181' title='bbox 1843 2556 2276 2644; x_wconf 80' lang='grc' dir='ltr'>εἰσερχόμενος</span> 
     </span>
     <span class='ocr_line' id='line_1_24' title="bbox 411 2658 2276 2740; baseline 0 -16"><span class='ocrx_word' id='word_1_182' title='bbox 411 2658 731 2737; x_wconf 76' lang='grc' dir='ltr'>ἀπολέσω,</span> <span class='ocrx_word' id='word_1_183' title='bbox 760 2659 1012 2728; x_wconf 82' lang='grc' dir='ltr'>τούτους</span> <span class='ocrx_word' id='word_1_184' title='bbox 1042 2658 1109 2722; x_wconf 89' lang='grc' dir='ltr'>δὲ</span> <span class='ocrx_word' id='word_1_185' title='bbox 1138 2658 1383 2725; x_wconf 83' lang='grc' dir='ltr'>σώσω.”</span> <span class='ocrx_word' id='word_1_186' title='bbox 1458 2660 1521 2725; x_wconf 91' lang='grc' dir='ltr'>οἱ</span> <span class='ocrx_word' id='word_1_187' title='bbox 1546 2659 1612 2724; x_wconf 83' lang='grc' dir='ltr'>δὲ</span> <span class='ocrx_word' id='word_1_188' title='bbox 1640 2659 1963 2740; x_wconf 90' lang='grc' dir='ltr'>Ἀθηναῖοι</span> <span class='ocrx_word' id='word_1_189' title='bbox 1984 2659 2276 2725; x_wconf 87' lang='grc' dir='ltr'>πεισθέν-</span> 
     </span>
     <span class='ocr_line' id='line_1_25' title="bbox 412 2754 2273 2846; baseline 0.001 -22"><span class='ocrx_word' id='word_1_190' title='bbox 412 2785 512 2829; x_wconf 86' lang='grc' dir='ltr'>τες</span> <span class='ocrx_word' id='word_1_191' title='bbox 540 2754 823 2846; x_wconf 76' lang='grc' dir='ltr'>Αέσχίνῃ</span> <span class='ocrx_word' id='word_1_192' title='bbox 860 2759 1342 2846; x_wconf 87' lang='grc' dir='ltr'>ἐχειροτόνησαν</span> <span class='ocrx_word' id='word_1_193' title='bbox 1379 2760 1597 2846; x_wconf 90' lang='grc' dir='ltr'>τρίτην</span> <span class='ocrx_word' id='word_1_194' title='bbox 1637 2762 2005 2846; x_wconf 86' lang='grc' dir='ltr'>πρεσβείαν,</span> <span class='ocrx_word' id='word_1_195' title='bbox 2039 2760 2273 2840; x_wconf 78' lang='grc' dir='ltr'>βουλό·</span> 
     </span>
     <span class='ocr_line' id='line_1_26' title="bbox 410 2861 2275 2953; baseline 0.002 -27"><span class='ocrx_word' id='word_1_196' title='bbox 410 2888 586 2943; x_wconf 89' lang='grc' dir='ltr'>μενοι</span> <span class='ocrx_word' id='word_1_197' title='bbox 625 2862 850 2945; x_wconf 88' lang='grc' dir='ltr'>μαθεῖν</span> <span class='ocrx_word' id='word_1_198' title='bbox 878 2862 934 2927; x_wconf 79' lang='grc' dir='ltr'>εἰ</span> <span class='ocrx_word' id='word_1_199' title='bbox 977 2862 1285 2947; x_wconf 84' lang='grc' dir='ltr'>φυλάττει</span> <span class='ocrx_word' id='word_1_200' title='bbox 1327 2863 1660 2933; x_wconf 88' lang='grc' dir='ltr'>Φίλιππος</span> <span class='ocrx_word' id='word_1_201' title='bbox 1702 2863 1786 2928; x_wconf 78' lang='grc' dir='ltr'>τὰ</span> <span class='ocrx_word' id='word_1_202' title='bbox 1824 2861 1927 2929; x_wconf 81' lang='grc' dir='ltr'>ὑπ’</span> <span class='ocrx_word' id='word_1_203' title='bbox 1960 2863 2275 2953; x_wconf 83' lang='grc' dir='ltr'>Αἰσχίνου</span> 
     </span>
     <span class='ocr_line' id='line_1_27' title="bbox 411 2965 2275 3056; baseline -0.002 -24"><span class='ocrx_word' id='word_1_204' title='bbox 411 2967 734 3056; x_wconf 90' lang='grc' dir='ltr'>λεχθέντα.</span> <span class='ocrx_word' id='word_1_205' title='bbox 821 2967 927 3032; x_wconf 86' lang='grc' dir='ltr'>καὶ</span> <span class='ocrx_word' id='word_1_206' title='bbox 977 2966 1343 3049; x_wconf 80' lang='grc' dir='ltr'>ἐξωμόσατο</span> <span class='ocrx_word' id='word_1_207' title='bbox 1401 2966 1814 3047; x_wconf 88' lang='grc' dir='ltr'>Δημοσθένης</span> <span class='ocrx_word' id='word_1_208' title='bbox 1865 2965 2022 3046; x_wconf 83' lang='grc' dir='ltr'>μήτε</span> <span class='ocrx_word' id='word_1_209' title='bbox 2080 2991 2275 3048; x_wconf 90' lang='grc' dir='ltr'>πρεσ-</span> 
     </span>
     <span class='ocr_line' id='line_1_28' title="bbox 411 3065 2277 3152; baseline -0.003 -18"><span class='ocrx_word' id='word_1_210' title='bbox 411 3072 647 3146; x_wconf 85' lang='grc' dir='ltr'>βεῦσαι</span> <span class='ocrx_word' id='word_1_211' title='bbox 669 3068 826 3150; x_wconf 84' lang='grc' dir='ltr'>μήτε</span> <span class='ocrx_word' id='word_1_212' title='bbox 854 3073 1178 3146; x_wconf 85' lang='grc' dir='ltr'>κοινωνεῖν,</span> <span class='ocrx_word' id='word_1_213' title='bbox 1212 3068 1336 3134; x_wconf 85' lang='grc' dir='ltr'>εἴτε</span> <span class='ocrx_word' id='word_1_214' title='bbox 1363 3070 1571 3139; x_wconf 83' lang='grc' dir='ltr'>καλῶς</span> <span class='ocrx_word' id='word_1_215' title='bbox 1600 3069 1723 3134; x_wconf 83' lang='grc' dir='ltr'>εἴτε</span> <span class='ocrx_word' id='word_1_216' title='bbox 1752 3071 1955 3136; x_wconf 83' lang='grc' dir='ltr'>κακῶς</span> <span class='ocrx_word' id='word_1_217' title='bbox 1982 3065 2209 3152; x_wconf 83' lang='grc' dir='ltr'>πράξει</span> <span class='ocrx_word' id='word_1_218' title='bbox 2236 3065 2277 3145; x_wconf 83' lang='grc' dir='ltr'>ἡ</span> 
     </span>
    </p>
   </div>
   <div class='ocr_carea' id='block_1_3' title="bbox 410 3270 1297 3783">
    <p class='ocr_par' dir='ltr' id='par_1_3' title="bbox 410 3270 1297 3783">
     <span class='ocr_line' id='line_1_29' title="bbox 411 3270 1297 3336; baseline -0.003 -11"><span class='ocrx_word' id='word_1_219' title='bbox 411 3272 510 3325; x_wconf 72' lang='lat' dir='ltr'>end</span> <span class='ocrx_word' id='word_1_220' title='bbox 541 3271 657 3322; x_wconf 87' lang='lat' dir='ltr'><strong>that</strong></span> <span class='ocrx_word' id='word_1_221' title='bbox 693 3273 818 3336; x_wconf 80' lang='lat' dir='ltr'><strong>they</strong></span> <span class='ocrx_word' id='word_1_222' title='bbox 852 3270 1076 3334; x_wconf 82' lang='lat' dir='ltr'><strong>might...</strong></span> <span class='ocrx_word' id='word_1_223' title='bbox 1099 3274 1129 3299; x_wconf 92' lang='grc'><strong><em>”</em></strong></span> <span class='ocrx_word' id='word_1_224' title='bbox 1168 3286 1297 3333; x_wconf 87' lang='lat' dir='ltr'><strong>quae</strong></span> 
     </span>
     <span class='ocr_line' id='line_1_30' title="bbox 413 3337 1296 3399; baseline 0 -15"><span class='ocrx_word' id='word_1_225' title='bbox 413 3337 716 3397; x_wconf 82' lang='lat' dir='ltr'><strong>significatio</strong></span> <span class='ocrx_word' id='word_1_226' title='bbox 759 3337 1148 3399; x_wconf 77' lang='lat' dir='ltr'><strong>praepositionis</strong></span> <span class='ocrx_word' id='word_1_227' title='bbox 1190 3351 1296 3384; x_wconf 90' lang='lat' dir='ltr'>non</span> 
     </span>
     <span class='ocr_line' id='line_1_31' title="bbox 411 3401 1291 3465; baseline -0.001 -17"><span class='ocrx_word' id='word_1_228' title='bbox 411 3401 645 3450; x_wconf 84' lang='lat' dir='ltr'><strong>abhorret</strong></span> <span class='ocrx_word' id='word_1_229' title='bbox 667 3416 698 3449; x_wconf 89' lang='lat' dir='ltr'><strong>a</strong></span> <span class='ocrx_word' id='word_1_230' title='bbox 718 3402 919 3464; x_wconf 89' lang='lat' dir='ltr'><strong>puriore</strong></span> <span class='ocrx_word' id='word_1_231' title='bbox 941 3401 1157 3453; x_wconf 81' lang='lat' dir='ltr'><strong>saeculo.</strong></span> <span class='ocrx_word' id='word_1_232' title='bbox 1193 3401 1291 3465; x_wconf 88' lang='grc'>(10)</span> 
     </span>
     <span class='ocr_line' id='line_1_32' title="bbox 411 3464 1295 3515; baseline 0 -3"><span class='ocrx_word' id='word_1_233' title='bbox 411 3464 509 3512; x_wconf 81' lang='lat' dir='ltr'>Vix</span> <span class='ocrx_word' id='word_1_234' title='bbox 529 3479 732 3514; x_wconf 72' lang='lat' dir='ltr'><strong>necesse</strong></span> <span class='ocrx_word' id='word_1_235' title='bbox 755 3468 832 3514; x_wconf 81' lang='lat' dir='ltr'>est</span> <span class='ocrx_word' id='word_1_236' title='bbox 861 3465 1108 3514; x_wconf 78' lang='lat' dir='ltr'><strong>rescribas</strong></span> <span class='ocrx_word' id='word_1_237' title='bbox 1140 3467 1295 3515; x_wconf 78' lang='grc' dir='ltr'>ἐκεῖσε</span> 
     </span>
     <span class='ocr_line' id='line_1_33' title="bbox 412 3528 1288 3592; baseline -0.001 -15"><span class='ocrx_word' id='word_1_238' title='bbox 412 3531 493 3577; x_wconf 78' lang='grc' dir='ltr'>καὶ</span> <span class='ocrx_word' id='word_1_239' title='bbox 509 3528 566 3577; x_wconf 90' lang='lat' dir='ltr'>in</span> <span class='ocrx_word' id='word_1_240' title='bbox 579 3529 874 3591; x_wconf 84' lang='lat' dir='ltr'><strong>hujusmodi</strong></span> <span class='ocrx_word' id='word_1_241' title='bbox 891 3528 1151 3590; x_wconf 74' lang='lat' dir='ltr'><strong>scriptore.</strong></span> <span class='ocrx_word' id='word_1_242' title='bbox 1187 3528 1288 3592; x_wconf 89' lang='lat'>(11)</span> 
     </span>
     <span class='ocr_line' id='line_1_34' title="bbox 410 3592 1294 3653; baseline -0.001 -12"><span class='ocrx_word' id='word_1_243' title='bbox 410 3595 478 3651; x_wconf 77' lang='grc' dir='ltr'>μὴ</span> <span class='ocrx_word' id='word_1_244' title='bbox 531 3594 783 3653; x_wconf 72' lang='lat' dir='ltr'><strong>sequioris</strong></span> <span class='ocrx_word' id='word_1_245' title='bbox 844 3595 922 3643; x_wconf 80' lang='lat' dir='ltr'>est</span> <span class='ocrx_word' id='word_1_246' title='bbox 987 3592 1294 3642; x_wconf 77' lang='lat' dir='ltr'><strong>Graecitatis</strong></span> 
     </span>
     <span class='ocr_line' id='line_1_35' title="bbox 413 3657 1294 3719; baseline -0.001 -13"><span class='ocrx_word' id='word_1_247' title='bbox 413 3658 562 3717; x_wconf 81' lang='lat' dir='ltr'><strong>(quae</strong></span> <span class='ocrx_word' id='word_1_248' title='bbox 584 3661 638 3706; x_wconf 80' lang='grc' dir='ltr'>οὐ</span> <span class='ocrx_word' id='word_1_249' title='bbox 666 3657 936 3719; x_wconf 85' lang='lat' dir='ltr'><strong>participio</strong></span> <span class='ocrx_word' id='word_1_250' title='bbox 964 3657 1294 3719; x_wconf 83' lang='lat' dir='ltr'><strong>conjunctum</strong></span> 
     </span>
     <span class='ocr_line' id='line_1_36' title="bbox 411 3720 1295 3783; baseline 0 -13"><span class='ocrx_word' id='word_1_251' title='bbox 411 3720 673 3770; x_wconf 77' lang='lat' dir='ltr'><strong>fastidiose</strong></span> <span class='ocrx_word' id='word_1_252' title='bbox 709 3721 1010 3783; x_wconf 87' lang='lat' dir='ltr'><strong>contemnit)</strong></span> <span class='ocrx_word' id='word_1_253' title='bbox 1046 3723 1107 3770; x_wconf 87' lang='lat' dir='ltr'>ut</span> <span class='ocrx_word' id='word_1_254' title='bbox 1140 3723 1295 3771; x_wconf 75' lang='grc' dir='ltr'>καίτοι</span> 
     </span>
    </p>
   </div>
   <div class='ocr_carea' id='block_1_4' title="bbox 1391 3268 2298 3770">
    <p class='ocr_par' dir='ltr' id='par_1_4' title="bbox 1396 3268 2078 3334">
     <span class='ocr_line' id='line_1_37' title="bbox 1396 3268 2078 3334; baseline -0.003 -14"><span class='ocrx_word' id='word_1_255' title='bbox 1396 3273 1507 3334; x_wconf 85' lang='lat' dir='ltr'><strong>(pro</strong></span> <span class='ocrx_word' id='word_1_256' title='bbox 1530 3272 1716 3332; x_wconf 82' lang='grc' dir='ltr'>καίπερ)</span> <span class='ocrx_word' id='word_1_257' title='bbox 1737 3269 1911 3332; x_wconf 79' lang='lat' dir='ltr'><strong>paullo</strong></span> <span class='ocrx_word' id='word_1_258' title='bbox 1931 3268 2078 3318; x_wconf 77' lang='lat' dir='ltr'><strong>infra.</strong></span> 
     </span>
    </p>

    <p class='ocr_par' dir='ltr' id='par_1_5' title="bbox 1391 3328 2298 3770">
     <span class='ocr_line' id='line_1_38' title="bbox 1459 3328 2276 3399; baseline -0.004 -15"><span class='ocrx_word' id='word_1_259' title='bbox 1459 3338 1569 3387; x_wconf 85' lang='lat'><strong>337.</strong></span> <span class='ocrx_word' id='word_1_260' title='bbox 1641 3334 1740 3399; x_wconf 83' lang='lat'>(12)</span> <span class='ocrx_word' id='word_1_261' title='bbox 1797 3339 1829 3362; x_wconf 85' lang='lat'><strong>“</strong></span> <span class='ocrx_word' id='word_1_262' title='bbox 1847 3332 2099 3389; x_wconf 81' lang='lat' dir='ltr'><strong>distulit‚&#39;’</strong></span> <span class='ocrx_word' id='word_1_263' title='bbox 2173 3328 2276 3382; x_wconf 83' lang='lat' dir='ltr'><strong>vid.</strong></span> 
     </span>
     <span class='ocr_line' id='line_1_39' title="bbox 1396 3396 2281 3460; baseline -0.006 -11"><span class='ocrx_word' id='word_1_264' title='bbox 1396 3399 1610 3449; x_wconf 69' lang='lat' dir='ltr'><strong>Scnfflr.</strong></span> <span class='ocrx_word' id='word_1_265' title='bbox 1680 3399 1778 3460; x_wconf 82' lang='lat'><strong>(13)</strong></span> <span class='ocrx_word' id='word_1_266' title='bbox 1815 3396 1972 3446; x_wconf 84' lang='lat' dir='ltr'><strong>Attici</strong></span> <span class='ocrx_word' id='word_1_267' title='bbox 2005 3399 2281 3447; x_wconf 81' lang='grc' dir='ltr'>πανδοκεῖον</span> 
     </span>
     <span class='ocr_line' id='line_1_40' title="bbox 1393 3460 2274 3525; baseline -0.005 -13"><span class='ocrx_word' id='word_1_268' title='bbox 1393 3466 1451 3512; x_wconf 88' lang='lat' dir='ltr'>ut</span> <span class='ocrx_word' id='word_1_269' title='bbox 1464 3465 1606 3513; x_wconf 77' lang='lat' dir='ltr'><strong>Dem.</strong></span> <span class='ocrx_word' id='word_1_270' title='bbox 1636 3478 1685 3525; x_wconf 89' lang='lat' dir='ltr'>p.</span> <span class='ocrx_word' id='word_1_271' title='bbox 1714 3462 1972 3521; x_wconf 62' lang='lat'><strong>3965175.</strong></span> <span class='ocrx_word' id='word_1_272' title='bbox 2006 3461 2118 3511; x_wconf 68' lang='lat' dir='ltr'>vid„</span> <span class='ocrx_word' id='word_1_273' title='bbox 2147 3460 2274 3509; x_wconf 87' lang='lat' dir='ltr'><strong>Lob.</strong></span> 
     </span>
     <span class='ocr_line' id='line_1_41' title="bbox 1394 3525 2281 3588; baseline -0.005 -12"><span class='ocrx_word' id='word_1_274' title='bbox 1394 3527 1460 3576; x_wconf 83' lang='lat' dir='ltr'>ad</span> <span class='ocrx_word' id='word_1_275' title='bbox 1495 3527 1682 3588; x_wconf 81' lang='lat' dir='ltr'><strong>Phryn.</strong></span> <span class='ocrx_word' id='word_1_276' title='bbox 1717 3540 1765 3587; x_wconf 90' lang='lat' dir='ltr'>p.</span> <span class='ocrx_word' id='word_1_277' title='bbox 1797 3528 1907 3577; x_wconf 82' lang='lat'><strong>307.</strong></span> <span class='ocrx_word' id='word_1_278' title='bbox 1975 3525 2075 3586; x_wconf 88' lang='lat'>(14)</span> <span class='ocrx_word' id='word_1_279' title='bbox 2101 3527 2281 3574; x_wconf 83' lang='grc' dir='ltr'>Ἀλέων</span> 
     </span>
     <span class='ocr_line' id='line_1_42' title="bbox 1392 3589 2298 3652; baseline -0.006 -12"><span class='ocrx_word' id='word_1_280' title='bbox 1392 3594 1444 3641; x_wconf 84' lang='lat' dir='ltr'>et</span> <span class='ocrx_word' id='word_1_281' title='bbox 1483 3594 1644 3641; x_wconf 82' lang='grc' dir='ltr'>’Δλεΐς</span> <span class='ocrx_word' id='word_1_282' title='bbox 1675 3591 1841 3638; x_wconf 67' lang='lat' dir='ltr'>Bau,</span> <span class='ocrx_word' id='word_1_283' title='bbox 1877 3591 1948 3651; x_wconf 91' lang='lat' dir='ltr'>[et</span> <span class='ocrx_word' id='word_1_284' title='bbox 1971 3589 2062 3652; x_wconf 79' lang='lat' dir='ltr'><strong>st.]</strong></span> <span class='ocrx_word' id='word_1_285' title='bbox 2099 3589 2187 3649; x_wconf 89' lang='lat' dir='ltr'>qui</span> <span class='ocrx_word' id='word_1_286' title='bbox 2220 3589 2298 3651; x_wconf 47' lang='lat' dir='ltr'>in³</span> 
     </span>
     <span class='ocr_line' id='line_1_43' title="bbox 1391 3653 2278 3717; baseline -0.005 -13"><span class='ocrx_word' id='word_1_287' title='bbox 1391 3656 1504 3717; x_wconf 81' lang='lat' dir='ltr'><strong>ipsa</strong></span> <span class='ocrx_word' id='word_1_288' title='bbox 1525 3654 1753 3704; x_wconf 86' lang='lat' dir='ltr'><strong>oratione</strong></span> <span class='ocrx_word' id='word_1_289' title='bbox 1779 3653 2018 3716; x_wconf 81' lang='lat' dir='ltr'><strong>spiritum</strong></span> <span class='ocrx_word' id='word_1_290' title='bbox 2040 3666 2278 3714; x_wconf 78' lang='lat' dir='ltr'><strong>asperum</strong></span> 
     </span>
     <span class='ocr_line' id='line_1_44' title="bbox 1393 3722 1577 3770; baseline -0.011 -1"><span class='ocrx_word' id='word_1_291' title='bbox 1393 3722 1577 3770; x_wconf 80' lang='lat' dir='ltr'><strong>servat.</strong></span> 
     </span>
    </p>
   </div>
  </div>
 </body>
</html>
