2667 4142
766 191 887 257 DE
945 189 1229 257 FALSA
1287 189 1810 255 LEGATIONE.
2142 189 2227 258 79

345 349 454 415 διὰ
493 348 763 428 τούτους,
810 348 916 413 καὶ
959 345 1041 412 τὰ
1080 348 1208 412 τῶν
1240 348 1601 437 συμμάχων
1629 347 1737 413 καὶ
1763 345 1844 411 τὰ
1872 349 1998 412 τῶν
2026 371 2228 432 προσ-

346 452 521 528 όδων,
567 448 719 531 ἡμῖν
768 448 819 514 δ’
864 447 905 513 ἃ
951 448 1202 518 δικαίως
1246 447 1326 514 ἂν
1365 448 1654 537 ὑπῆρχεν
1696 449 1768 514 ἐκ
1808 451 1921 530 τῆς
1965 447 2229 535 εἰρήνης,

342 552 517 620 ταῦτ’
572 551 708 616 ἀνθ’
757 551 843 617 ὧν
895 550 1201 616 ἀπέδοντο
1252 551 1432 617 αὐτοὶ
1480 552 1865 635 λογίζεσθαι.
1930 548 1940 638 Ι
1986 549 2058 617 οὐ
2105 550 2228 636 γὰρ
2258 565 2385 629 370

343 656 518 723 ταῦτ’
571 654 704 722 ἄντ’
764 654 1011 720 ἐκείνων
1066 651 1336 737 γέγονεν,
1392 654 1531 721 οὐδὲ
1587 658 1844 721 πολλοῦ
1893 653 2001 731 δεῖ,
2055 651 2230 720 ἀλλὰ

343 762 544 825 ταῦτα
587 758 717 841 -μὲν
760 755 838 822 ἦν
888 755 967 823 ἂν
1019 756 1240 838 ὅμοίως
1288 756 1454 840 ἡμῖν,
1502 758 1706 823 ἐκεῖνα
1746 756 1816 822 δὲ
1862 753 2105 826 τούτοις
2151 753 2231 819 ἂν

343 864 610 946 προσῆν,
643 859 699 925 εἰ
724 858 812 941 μὴ
842 858 947 924 διὰ
975 860 1247 928 τούτους.

202 988 316 1044 103
459 961 686 1032 “oms-
729 961 801 1043 δ’,
850 961 898 1027 ὦ
937 962 1155 1048 ἄνδρες
1196 961 1540 1042 Ἀθηναῖοι,
1583 960 1822 1029 δίκαιον
1868 959 2072 1042 δήπου
2105 961 2224 1046 φή·
2254 992 2326 1048 9²

350 1064 519 1131 σαιτ’
545 1064 626 1130 ἂν
655 1064 811 1131 εἶναι
839 1064 1000 1147 μήτ’,
1032 1065 1089 1130 εἰ
1116 1064 1340 1132 πολλὰ
1367 1065 1473 1130 καὶ
1492 1064 1663 1130 δεινὰ
1689 1065 1771 1131 τὰ
1789 1065 2224 1145 συμβεβηκότ’
2296 1138 2301 1143 Δ

348 1168 489 1233 ἐστὶ
545 1171 623 1251 τῇ
681 1166 890 1245 πόλει,
942 1160 1204 1245 μηδενὶς
1249 1164 1301 1229 δ’
1362 1165 1676 1253 Αἰσχίνης
1725 1167 1924 1235 αἴτιος
1969 1164 2222 1242 τούτων,

346 1270 430 1338 εἰς
479 1273 700 1334 τοῦτον
739 1268 948 1333 ἐλθεῖν
992 1266 1108 1347 τὴν
1157 1264 1363 1351 ὀργήν,
1407 1266 1551 1347 μήτ’
1596 1267 1654 1332 εἴ
1691 1292 1752 1331 τι
1796 1269 1921 1331 τῶν
1964 1264 2257 1336 δεόντων,

343 1370 708 1456 πέπρακται
747 1367 825 1433 δι’
864 1368 1068 1433 ἄλλον
1101 1366 1263 1447 τινά,
1305 1372 1492 1433 τοῦτο
1527 1370 1737 1432 σῶσαι
1766 1367 2028 1433 τουτονί·
2074 1365 2223 1432 ἀλλ’

340 1471 508 1537 ὅσων
550 1470 729 1542 οὗτος
773 1471 969 1541 αἴτιος
1013 1468 1414 1556 σκεψάμενοι
1456 1468 1563 1534 καὶ
1607 1468 1814 1557 χάριν,
1869 1468 1949 1534 ἂν
1997 1467 2226 1548 ταύτης

340 1576 510 1659 ὅξιος
555 1574 611 1661 ᾖ,
664 1575 770 1640 καὶ
816 1573 1175 1640 τούναντίον
1221 1571 1426 1658 ὀρνγήν,
1476 1571 1556 1637 ἂν
1611 1575 1875 1638 τοιαῦτα
1924 1570 2225 1656 φαίνηται

202 1702 315 1755 104
340 1677 711 1756 πεποιηκώς,
736 1678 1039 1743 ποιεῖσθε.
1106 1680 1242 1747 πῶς
1271 1675 1379 1742 οὖν
1400 1675 1693 1762 εὑρήσετε
1721 1679 1922 1740 ταῦτα
1945 1673 2224 1757 δικαίως;
2251 1705 2323 1762 93

340 1777 447 1842 ἐὰν
502 1777 594 1860 μὴ
649 1776 836 1843 πάνθ’
895 1775 1027 1859 ἅμα
1093 1778 1236 1843 ε’ἃτε
1301 1775 1634 1860 ταράττειν
1702 1774 1905 1853 αὐτόν,
1964 1772 2045 1839 τὰ
2099 1778 2224 1840 τῶν

338 1881 713 1963 στρατηγῶν
772 1876 1142 1959 ἀδικήματα,
1211 1877 1322 1944 τὸν
1372 1876 1655 1958 πόλεμον
1717 1876 1826 1942 τὸν
1881 1875 2038 1962 πρὸς
2107 1877 2222 1941 Φί-

337 1988 601 2057 λιππον,
655 1978 826 2045 τᾰπὸ
869 1982 982 2061 τῆς
1033 1978 1274 2063 εἰρήνης
1325 1976 1553 2060 ἀγαθά,
1606 1975 1756 2042 ἀλλ’
1815 1978 2084 2043 ἕκαστον
2124 1975 2221 2062 ἐφ’

340 2079 562 2146 ἑαυτοῦ
602 2083 906 2160 σκοπῆτε.
995 2077 1144 2145 οἷον·
1184 2077 1262 2159 ἦν
1293 2076 1445 2161 ἡμῖν
1481 2077 1760 2159 πόλεμος
1789 2076 1945 2163 πρὸς
1983 2076 2224 2142 Φίλιπ-

431 2277 459 2334 g
495 2273 607 2321 103.
679 2272 776 2320 Pro
812 2273 1021 2333 τοιαῦτα,
1060 2270 1216 2319 ταῦτα
1248 2286 1326 2331 γρ.
1370 2267 1421 2317 S.
1452 2267 1515 2328 Q.
1583 2265 1685 2317 Sed
1722 2268 1924 2316 τοιαῦτα
1959 2269 2038 2315 est
2081 2269 2225 2329 ὀργῆς

340 2338 465 2398 α’ξια,
511 2336 591 2385 uti
626 2339 761 2385 reete
793 2335 976 2383 Rmsx.
1057 2335 1177 2383 Mox
1211 2335 1483 2392 πεποιηκὼς
1511 2345 1612 2379 om.
1637 2331 1688 2379 k.
1713 2345 1755 2379 s.
1779 2330 1862 2378 Al.
1879 2332 1937 2378 in
1958 2349 2036 2394 γρ.
2065 2329 2221 2379 habet

341 2403 393 2451 S.
416 2416 520 2449 om.
546 2401 643 2450 En.
677 2399 856 2448 Tuam.
883 2400 1038 2448 Dum.
1067 2398 1239 2446 Vonu.
1262 2397 1430 2444 anx.
1458 2397 1524 2443 st.
1606 2393 1706 2444 Sed
1745 2393 1998 2455 quomodo
2035 2408 2222 2454 quaeso

338 2469 537 2514 τοιαῦτα
574 2479 667 2529 pro
697 2463 954 2512 τοιούτωνῖ
1011 2461 1291 2525 [Voemelio
1327 2460 1532 2508 videtur
1568 2472 1679 2507 esse
1711 2458 2078 2519 nominativae,
2116 2458 2150 2506 i.
2172 2473 2220 2519 q.

341 2532 482 2592 ὀργῆς
506 2529 661 2591 ἄξια]
789 2528 887 2575 Pro
910 2530 1142 2585 ποιεῖσθε,
1172 2527 1462 2581 ἀπονείματε
1485 2522 1615 2584 αὐτῷ
1635 2540 1715 2586 γρ.
1738 2522 1788 2572 S.
1818 2523 1876 2584 Q.
1937 2522 2054 2570 Vid.
2078 2524 2186 2571 not.

433 2596 459 2653 ἓ
493 2594 604 2643 104.
673 2593 923 2655 εὑρήσεται
947 2591 999 2642 S.
1026 2590 1086 2639 Ο.
1111 2593 1164 2638 et
1194 2604 1286 2650 pro
1308 2587 1575 2650 ταράττειν,
1606 2586 1832 2649 πράττειν
1852 2587 1904 2638 Β.
1929 2586 1985 2647 Q.
2027 2592 2058 2615 ‘⁶
2077 2586 2218 2635 Illud

336 2770 450 2830 γέν.
508 2766 613 2827 dm]
658 2769 690 2792 ‘⁶
709 2763 819 2812 Has
857 2761 985 2809 been
1023 2756 1223 2814 ruinetL
1326 2755 1562 2816 ποιεῖσθε]
1627 2759 1658 2783 “
1679 2755 1874 2816 Quaere
1931 2754 1994 2805 de
2047 2755 2224 2817 phrasi

336 2835 370 2880 I
419 2832 600 2880 should
663 2843 754 2891 say
814 2825 928 2889 (καὶ)
984 2820 1229 2872 rendered
1326 2820 1469 2882 χάριν
1490 2822 1541 2867 et
1559 2821 1707 2881 ὀργὴν
1730 2822 1972 2869 ποιεῖσθαι
1991 2822 2022 2846 ”
2046 2820 2220 2868 Manu·

336 2895 527 2944 weak.”
593 2891 702 2941 The
742 2890 1008 2940 corrective
1050 2900 1144 2935 use
1176 2885 1229 2933 of
1327 2899 1475 2932 mn.
1543 2881 1651 2931 The
1685 2882 1906 2945 eopyists
1935 2897 2123 2944 appear
2168 2886 2222 2932 to

339 2963 432 3009 καί.
534 2958 604 3008 So
660 2956 932 3005 Samma
1014 2950 1222 3011 rightly,
1326 2947 1458 2996 have
1481 2946 1798 3008 anticipated
1833 2947 1939 2995 this
1977 2947 2225 3009 difficulty

335 3022 534 3083 though
556 3021 680 3082 only
694 3033 789 3067 one
806 3017 860 3066 of
881 3015 970 3065 the
991 3027 1227 3077 passages
1327 3011 1496 3060 which
1513 3010 1783 3059 Markland
1798 3011 1965 3060 would
1985 3015 2077 3060 not
2093 3011 2223 3061 have

335 3087 505 3136 which
545 3086 613 3134 he
657 3086 835 3144 quotes
877 3080 923 3129 is
961 3077 1225 3141 apposite:
1328 3075 1449 3135 had,
1479 3075 1522 3123 if
1544 3075 1610 3123 he
1632 3074 1737 3123 had
1771 3075 1899 3124 been
1922 3090 2081 3124 aware
2103 3077 2159 3124 of
2193 3092 2224 3126 a

339 3166 422 3202 111.
460 3150 687 3211 Philipp.
722 3161 770 3208 p.
812 3146 904 3193 121
943 3148 969 3205 ς
1007 3145 1069 3192 39
1110 3139 1230 3192 ἀπό·
1329 3140 1442 3188 rule
1502 3138 1670 3187 which
1725 3138 1753 3187 1
1811 3153 1895 3187 am
1940 3140 2222 3201 persuaded

339 3220 467 3265 λωλε
520 3216 602 3264 καὶ
654 3210 898 3269 νενόσηκεν
948 3210 981 3269 ἡ
1028 3205 1227 3256 Ἑλλάς.
1327 3204 1478 3252 holds
1538 3202 1668 3263 good
1725 3203 2054 3264 everywhere,
2112 3206 2222 3254 that

340 3278 600 3328 ——rafir'
626 3277 728 3326 ἀνθ’
768 3275 829 3323 ὦν
859 3273 1028 3333 κ.τ.λ.]
1061 3276 1091 3298 “
1112 3270 1229 3318 that
1328 3284 1431 3331 any
1470 3268 1585 3317 verb
1618 3270 1676 3315 in
1717 3269 1874 3316 Greek
1912 3282 2024 3331 may
2061 3269 2114 3316 be
2148 3284 2222 3317 re-

340 3343 463 3405 they
505 3340 691 3391 should
742 3337 929 3388 reekon
969 3350 1042 3397 up
1083 3332 1229 3383 these
1330 3333 1500 3381 solved
1564 3334 1672 3380 into
1731 3333 1809 3379 the
1848 3340 2054 3392 coynate
2108 3334 2219 3381 eub-

343 3423 399 3456 ae
419 3424 452 3456 a
470 3414 545 3455 set
575 3406 650 3467 off
657 3406 745 3467 for
766 3401 902 3450 what
922 3399 1228 3449 themselves
1328 3396 1541 3445 stantive
1573 3396 1696 3443 with
1725 3398 2053 3446 ποιεῖσθαι·
2081 3394 2224 3459 χάριν

344 3471 502 3519 801d.’'
572 3469 640 3520 So
682 3483 733 3530 p.
779 3468 875 3515 388
917 3469 943 3526 ἓ
991 3465 1224 3512 164.--
1330 3463 1570 3509 ποιεῖσθαι
1625 3458 1750 3508 Mid.
1804 3474 1855 3522 p.
1907 3461 2000 3509 582
2044 3464 2070 3522 ἕ
2109 3463 2220 3518 212,

346 3539 470 3597 εἰμὴ
492 3537 572 3585 διὸ,
591 3532 804 3592 τούτους]
861 3529 953 3578 See
975 3532 1001 3588 ἓ
1023 3529 1101 3589 83,
1126 3525 1230 3575 and
1330 3523 1479 3587 ὀργὴν
1520 3526 1758 3572 ποιεῖσθαι
1796 3522 1953 3574 Thuc.
1999 3538 2066 3575 IV.
2111 3527 2222 3573 122.

347 3601 423 3648 ior
445 3602 553 3649 οὐδὲ
575 3595 764 3647 πολλοῦ
784 3597 856 3645 δεῖ
876 3597 902 3654 g
924 3594 1003 3641 33.
1335 3589 1452 3654 (See
1474 3587 1646 3637 Cobet.
1670 3587 1799 3635 Νον.
1822 3587 1965 3635 Leet.
1988 3601 2040 3648 p.
2064 3589 2200 3647 257.)

407 3666 514 3714 370.
588 3665 613 3723 ἕ
649 3661 762 3710 103.
826 3653 1234 3721 χάριν...ὀργη’ν...
1393 3653 1664 3713 §104.ot0v
1679 3650 2223 3714 ἦν...Φίλιπ·ιι-ον]“Ἑοι·
