2667 4142
752 187 872 251 DE
928 186 1211 251 FALSA
1270 185 1795 251 LEGATIONE.
2097 183 2222 251 257

343 344 480 423 βιὸν
519 342 773 413 τούτους
811 344 952 414 τοὺς
995 345 1156 414 θεοῖς
1197 344 1476 432 ἐχθρούς.
1566 342 1738 408 πάνυ
1779 339 1832 405 δ’
1878 339 2055 422 ἄξιον
2094 341 2220 422 ἐξε-
2317 383 2322 387 -

344 446 541 513 τεῖσαι
578 448 685 513 καὶ
727 447 1087 513 θεάσασθαι
1130 447 1243 527 τὴν
1285 445 1540 527 ἀπάτην
1579 445 1748 525 ὅλην.
1836 443 1909 508 τὸ
1946 444 2063 525 μὲν
2095 443 2219 529 γὰρ

344 547 454 613 ἀπ’
484 547 685 636 ἀρχῆς
713 553 824 629 τῆς
853 547 1096 633 εἰρήνης
1136 549 1473 629 ἐπιθυμῶν,
1518 545 2004 633 διαφορουμένης
2032 543 2222 609 αὐτοῦ

345 653 454 730 τῆς
511 649 722 737 χώρας
779 648 903 715 ὑπὸ
960 654 1085 714 τῶν
1138 651 1400 733 λῃστῶν
1456 647 1568 713 καὶ
1624 645 2039 726 κεκλειμένων
2097 648 2222 711 τῶν

344 751 675 838 ἐμπορίων,
720 749 870 817 ὥστ’
920 750 1219 832 ἀνόνητον
1265 752 1499 816 ἐκεῖνον
1549 750 1850 816 ἁπάντων
1894 746 2051 813 εἶναι
2095 752 2221 813 τῶν

343 852 615 936 α’]γαθῶν,
647 853 787 925 τοὺς
833 854 912 919 τὰ
944 855 1376 941 φιλάνθρωπα
1413 854 1716 937 λέγοντας
1759 852 2026 922 ἐκείνους
2067 852 2221 918 ἀπέ-

344 967 597 1025 στειλεν
617 957 774 1041 ὑπὲρ
798 956 1123 1035 αὖτοῦ,τὸν
1132 955 1603 1037 Νεοπτόλεμον,
1615 955 1723 1021 τὸν
1742 954 2218 1040 Ἀριστόδημον,

192 1066 275 1137 36
282 1082 314 1137 3
343 1058 450 1122 τὸν
477 1060 934 1143 Κτησιφῶντα·
976 1059 986 1146 1
1024 1057 1236 1139 ἐπειδὴ
1275 1057 1346 1123 δὲ
1383 1058 1663 1139 ἤλθομεν
1698 1056 1780 1126 ὥς
1819 1055 2006 1121 αὐτὸν
2043 1054 2219 1137 ἡμεῖς

216 1147 222 1156 ³
342 1160 406 1225 οἱ
459 1159 782 1245 πρέσβεις,
845 1160 1246 1244 ἐμισθώσατο
1304 1160 1421 1241 μὲν
1478 1164 1700 1226 τοῦτον
1758 1159 1997 1239 εὐθέως,
2051 1157 2220 1230 ὅπως

343 1265 591 1350 συνερεῖ
631 1261 739 1326 καὶ
785 1266 1262 1346 συναγωνιεῖται
1308 1266 1400 1348 τῷ
1445 1265 1653 1348 μιαρῷ
1691 1262 2075 1348 Φιλοκράτει
2114 1264 2219 1326 καὶ

343 1372 466 1433 τῶν
502 1368 583 1433 τοὶ
620 1369 830 1433 δίκαια
866 1367 1276 1448 βουλομένων
1313 1366 1489 1449 ήμῶν
1527 1366 1829 1452 πράττειν
1867 1367 2216 1453 περιέσται,

343 1474 711 1560 συνέγραψε
750 1471 802 1536 δ’
845 1471 1196 1551 ἐπιστολὴν
1235 1470 1316 1542 ὥς
1360 1470 1537 1553 ὑμᾶς,
1574 1470 1615 1556 ᾗ
1648 1470 1911 1553 μάλιστ’
1947 1474 2026 1539 ἂν
2064 1473 2216 1560 ᾤετο

192 1587 317 1658 364
343 1580 452 1657 τῆς
501 1576 740 1659 εἰρήνης
786 1579 1018 1664 τυχεῖν.
1108 1573 1183 1654 ἦν
1230 1574 1281 1638 δ’
1330 1573 1507 1640 οὐδὲν
1562 1580 1817 1656 μᾶλλον
1865 1576 2002 1659 μέγ’
2049 1576 2218 1663 αὐτῷ
2242 1602 2353 1660 317

342 1676 483 1741 καθ’
526 1675 699 1758 ὑμῶν
742 1676 865 1741 οὐδ’
910 1676 1070 1742 οὕτω
1113 1679 1374 1761 πρᾶξαι,
1435 1676 1494 1742 εἰ
1531 1678 1618 1760 μὴ
1665 1677 1925 1748 Φωκέας
1969 1678 2213 1746 ἀπολεῖ.

2244 1029 2368 1090 443

2244 1101 2358 1174 316

338 1844 574 1906 praetuli.
641 1845 771 1893 Plat.
815 1843 1028 1894 Phaedr.
1075 1845 1168 1896 267
1211 1844 1258 1893 D
1301 1847 1359 1893 τὸ
1398 1846 1449 1893 δὲ
1483 1847 1540 1903 δὴ
1574 1846 1711 1894 τέλος
1745 1846 1842 1892 τῶν
1880 1844 2041 1907 λόγων
2084 1849 2215 1906 κοινῇ

337 1912 488 1958 πᾶσιν
529 1909 650 1958 ἔοικε
682 1912 1043 1971 συνδεδογμένον
1077 1912 1208 1968 εἶναι,
1257 1908 1294 1969 ᾧ
1323 1912 1444 1959 τινὲς
1496 1912 1583 1968 μὲν
1637 1911 1933 1968 ἐπάνοδον,
1979 1910 2120 1959 ἄλλοι
2162 1913 2214 1960 δὲ

339 1974 465 2023 α’λλο
487 1976 690 2022 τίθενται
708 1975 868 2032 ὄνομα.
934 1975 1105 2023 ΦΑΙΔ.
1140 1977 1196 2023 τὸ
1218 1975 1267 2021 έν
1289 1977 1535 2034 κεφαλαίῳ
1557 1975 1742 2023 ἕκαστα
1763 1976 1921 2035 λέγεις
1945 1975 2213 2034 ὑπομνῆσαι

337 2041 417 2087 ἐπὶ
470 2041 697 2098 τελευτῆς
729 2040 835 2087 τοὺς
879 2039 1129 2089 ἀκούοντας
1169 2040 1276 2099 περὶ
1313 2039 1409 2086 τῶν
1446 2040 1707 2141 είρημέονων.
1777 2037 1890 2088 Vid.
1933 2038 1997 2086 ad
2034 2041 2059 2099 ἓ
2099 2040 2205 2089 108.

1618 2115 1704 2150 «φο

339 2153 856 2214 -διαφθειρομένης
884 2156 975 2214 βω.
1011 2155 1096 2211 nm.
1135 2150 1217 2200 Al.
1245 2151 1392 2202 Harl.
1425 2154 1789 2215 διαφορουμένης
1810 2150 1858 2200 k.
1929 2152 2042 2200 “V.
2067 2153 2205 2203 Pota.

336 2214 403 2263 ad
425 2216 548 2266 Eur.
576 2215 766 2265 Phoen.
797 2217 945 2265 884.”
1013 2216 1232 2265 SGHAEF.
1367 2219 1703 2272 κεκλεισμένων
1730 2215 1865 2276 vulg.
1894 2218 2014 2265 ante
2041 2217 2208 2268 ΒΕΚΚ.

337 2278 451 2328 vid.
473 2280 647 2341 ipsum
667 2282 719 2328 et
743 2280 941 2328 Sabaei.
967 2278 1033 2328 ad
1054 2280 1123 2328 IL
1151 2278 1360 2342 Olynth.
1385 2294 1432 2342 p.
1463 2281 1525 2326 22
1548 2280 1667 2339 316.
2292 2329 2304 2343 ,

432 2347 458 2405 §
481 2345 589 2394 363.
663 2347 739 2393 καὶ
796 2348 1152 2406 συναγωνιεῖται
1208 2349 1238 2372 “
1256 2345 1567 2405 interpolata
1626 2345 1749 2392 sunt
1805 2357 1836 2392 a
1897 2343 2159 2393 Graeculis
2174 2348 2205 2370 ’⁹

335 2408 505 2457 Cobet.
534 2408 659 2457 Nov.
683 2408 825 2458 Loct.
852 2423 901 2469 p.
933 2409 1040 2460 779.

429 2472 589 2533 5364.
655 2473 778 2520 Post
801 2475 908 2522 καθ’
936 2474 1078 2532 ὑμῶν,
1103 2473 1233 2522 οὐδὲν
1259 2470 1504 2521 excidisse
1535 2471 1774 2533 opinatur
1805 2472 1968 2521 Domi.
2034 2472 2208 2535 Neque

333 2635 715 2696 διαφορουμένης]
733 2635 766 2658 “
780 2631 930 2693 being
941 2631 1222 2694 plundered
1315 2631 1498 2680 within
1542 2631 1800 2693 Macedon,
1847 2646 1929 2681 see
1971 2631 2094 2681 Lob.
2139 2649 2208 2683 on

331 2697 434 2747 and
455 2696 723 2759 ravaged.”
787 2711 823 2748 1.
847 2696 1043 2757 Aphob.
1059 2711 1109 2758 p.
1126 2698 1219 2744 822
1320 2695 1473 2758 Soph.
1492 2697 1572 2757 Aj.
1593 2697 1737 2757 1274)
1750 2698 1992 2756 Ἀθηναῖοι
2009 2699 2205 2760 Περδίκ-

329 2766 356 2823 g
399 2763 462 2811 29
513 2762 575 2809 ὦν
617 2761 747 2824 κοινῇ
789 2763 1218 2823 διαπεφορημένων,
1317 2765 1633 2811 καν.--τὸν
1666 2762 2021 2823 Νεοπτόλεμον]
2056 2764 2204 2811 Men-

328 2825 433 2875 and
486 2825 772 2881 elsewhere,
840 2825 949 2873 The
991 2824 1128 2873 word
1170 2826 1217 2872 is
1313 2825 1487 2873 tioned
1510 2827 1667 2875 above
1688 2829 1714 2886 ἓ
1734 2827 1808 2875 10.
1873 2825 2024 2874 Dobr.
2049 2828 2206 2876 refers

328 2890 457 2939 used
491 2890 642 2951 oddly
663 2890 730 2952 by
762 2887 989 2949 Thucyd.
1029 2903 1098 2938 VI.
1136 2889 1214 2939 91.
1313 2892 1369 2938 to
1391 2889 1454 2937 de
1476 2890 1621 2946 Pace,
1645 2904 1693 2951 p.
1717 2892 1781 2938 58
1803 2892 1827 2950 ξ
1849 2889 1881 2938 6
1892 2892 2009 2953 foll.

458 2957 764 3013 κεκλειμένων
781 2954 950 3014 κ.τ.λ.]
967 2952 1058 3014 Cp.
1082 2957 1109 3013 ἓ
1127 2953 1220 3001 168
1377 2954 1488 3001 443.
1513 2958 1538 3015 ἓ
1560 2955 1668 3004 363,
1692 2955 1751 3004 ὡς
1774 2955 1909 3015 ὑμᾶς]
1936 2954 2206 3004 Scmmn

329 3033 386 3069 11.
429 3018 634 3080 Olynth.
667 3032 719 3080 p.
751 3019 813 3066 22
846 3021 873 3078 §
910 3018 971 3066 16
1010 3017 1106 3066 οὔθ’
1143 3016 1215 3065 ὅσ’
1312 3016 1500 3066 direofis
1510 3018 1759 3066 attention
1775 3018 1932 3068 tothe
1947 3024 2200 3068 construc-

327 3085 388 3132 ἂν
426 3086 683 3145 πορίσωσιν
707 3081 853 3132 οὕτως
883 3085 1011 3131 ὅπως
1046 3081 1104 3130 ἂν
1140 3084 1213 3129 δύ·
1313 3082 1426 3130 tion
1480 3084 1778 3144 συγγράφειν
1829 3086 2092 3144 ἐπιστολὴν
2146 3086 2204 3133 ὠς

327 3166 512 3205 νωνται,
559 3148 692 3196 ταῦτ’
744 3151 932 3208 ἔχοντες
966 3148 1213 3195 διαθέσθαι
1310 3165 1433 3194 τινα.
1489 3149 1788 3210 συγγράφειν
1813 3146 1910 3196 has
1946 3147 2035 3196 the
2057 3164 2202 3210 prey-

325 3213 632 3270 κεκλειμένων
652 3214 747 3260 τῶν
774 3213 1007 3272 ἐμπορίων
1042 3212 1136 3258 τῶν
1164 3213 1215 3258 ἐν
1311 3217 1438 3259 nant
1461 3224 1607 3262 sense
1629 3211 1681 3258 of
1714 3214 1918 3271 writinq
1951 3214 2055 3261 and
2098 3215 2199 3261 dis·

325 3276 391 3336 τῇ
423 3280 557 3338 χώρᾳ
608 3277 685 3324 διὰ
736 3277 818 3323 τὸν
872 3276 1095 3336 πόλεμον,
1149 3275 1213 3322 de
1304 3277 1549 3336 patclzin9
1572 3291 1606 3324 a
1640 3278 1795 3335 letter,
1837 3274 1939 3323 and
1972 3275 2116 3325 there
2153 3277 2200 3325 is

325 3340 506 3389 Geron.
539 3354 591 3401 p.
639 3340 733 3392 276
768 3344 794 3400 5
831 3341 923 3388 145
973 3342 1080 3388 οὔτε
1116 3338 1216 3401 γὰρ
1311 3338 1531 3400 nothing
1574 3353 1715 3387 more
1764 3341 1968 3400 strange
2010 3340 2066 3388 in
2111 3341 2200 3390 the

325 3404 524 3465 ἐξήγετο
544 3404 635 3452 τῶν
654 3408 709 3453 ἐκ
729 3407 814 3463 τῆς
835 3407 991 3466 χώρας
1015 3422 1215 3464 γεγενη-
1311 3403 1603 3463 expression
1641 3403 1768 3452 than
1802 3403 1858 3451 in
1890 3403 2114 3465 Thucyd.
2160 3420 2197 3455 1.

323 3472 478 3526 μένων
495 3471 628 3517 οὐδὲν
643 3469 739 3517 οὔτ’
757 3469 978 3529 εἰσήγετο
995 3466 1062 3516 ὧν
1076 3465 1214 3517 ἐδεῖτ’
1311 3468 1405 3519 137
1448 3471 1686 3527 ἐσπέμπει
1726 3466 1992 3530 γράμματα
2021 3470 2080 3520 ὡς
2110 3473 2198 3532 βα-

326 3533 468 3592 αῠτῷ.
542 3532 708 3581 These
760 3546 997 3595 passages
1049 3531 1214 3581 throw
1309 3533 1467 3580 σιλέα.

325 3595 458 3656 light
513 3611 580 3645 on
635 3597 793 3647 Thuo.
852 3610 900 3646 v,
947 3599 1009 3645 83
1075 3599 1209 3645 κατέ·
1376 3595 1534 3656 5364.
1604 3594 1754 3644 “But
1774 3597 1866 3644 not
1900 3609 1931 3644 a
1962 3595 2087 3645 whit
2108 3596 2197 3646 the

324 3665 510 3722 κλῃσαν
560 3662 853 3712 Μακεδονίας
908 3659 1049 3721 (shut
1102 3659 1214 3709 him
1312 3673 1454 3709 more
1499 3674 1599 3709 was
1642 3659 1687 3708 it
1727 3658 1786 3708 in
1827 3659 1911 3708 his
1945 3674 2112 3721 power
2143 3665 2197 3709 to

492 3771 542 3820 s,
586 3770 753 3819 mm.
1944 3756 2025 3821 17
