2667 4142
777 216 895 280 DE
954 216 1235 280 FALSA
1291 216 1821 283 LEGATIONE.
2111 224 2234 288 179

363 371 588 438 ἀδικῶν
631 372 997 460 ἐφοβούμην
1035 372 1158 455 ἐνγῶ
1198 372 1286 454 μὴ
1331 372 1437 437 διὰ
1474 373 1729 444 τούτους
1764 372 2121 457 ἀπόλωμαι,
2168 406 2234 444 τι

362 475 618 548 τούτους
645 476 957 561 προσήκει
987 476 1212 541 παθεῖν
1227 474 1368 545 τοὺς
1387 474 1607 544 αὐτοὺς
1636 475 2040 558 ἦδικηκότας;
2080 477 2230 543 ἀλλ’

222 598 333 656 245
363 579 434 645 ού
471 578 576 645 διὰ
611 585 826 646 ταῦτα.
876 578 1050 644 ἀλλὰ
1077 578 1180 643 διὰ
1216 579 1282 644 τί
1318 606 1438 645 σου
1467 583 1820 664 κατηγορῶς
1855 586 2228 668 συκοφαντῶ
2256 600 2367 639 2²²

364 681 433 761 νὴ
455 680 576 760 Δι’,
613 679 686 746 ἵν’
709 680 1004 766 ἀργύριον
1023 681 1213 758 λάβω
1237 680 1413 765 παρὰ
1436 685 1572 745 σοῦ.
1618 682 1727 746 καὶ
1748 683 2013 764 πότερον
2033 689 2228 769 κρεῖτ-

363 808 470 846 τον
497 780 573 861 ἦν
598 808 707 862 μοι
752 780 930 867 παρὰ
965 780 1305 846 Φιλίππου
1344 783 1574 858 λαβεῖν
1611 785 1725 846 τοῦ
1761 781 2034 853 διδόντος
2062 785 2232 849 πολὺ

362 882 469 946 καὶ
496 881 752 962 μηδενὸς
789 882 1025 946 τούτων
1063 880 1347 955 ἔλαττον,
1380 881 1488 946 καὶ
1523 880 1714 965 φίλον
1748 880 2030 949 κάκεῖνον
2059 884 2229 972 ἔχειν

363 981 467 1045 καὶ
496 983 751 1052 τούτους
781 982 973 1067 (ἦσαν
1008 982 1131 1066 «γὰρ
1170 983 1262 1056 ἄν,
1286 981 1471 1062 -ἦσάν
1509 1008 1620 1065 μοι
1660 984 1843 1065 φίλοι
1872 989 1998 1051 τῶν
2026 986 2229 1052 αὐτῶν

363 1083 850 1164 κεκοινωνηκότι·
910 1083 1045 1149 οὐδὲ
1077 1083 1202 1168 «γὰρ
1239 1086 1348 1148 νῦν
1386 1083 1623 1171 ἔχθραν
1662 1085 1974 1170 πατρικὴν
2003 1086 2228 1173 ἔχουσι

361 1185 516 1273 πρός
548 1213 644 1268 με,
680 1185 828 1251 ἀλλ’
858 1184 955 1250 ὅτι
994 1188 1117 1249 τῶν
1153 1183 1614 1268 πεπραγμένων
1644 1184 1715 1250 ού
1742 1186 2154 1274 μετέσχηκα),
2185 1189 2226 1270 ἦ

361 1288 537 1372 παρὰ
579 1287 814 1352 τούτων
856 1282 964 1371 ἀφ’
1007 1283 1092 1350 ὦν
1133 1283 1441 1370 εἰλήφασι
1482 1290 1811 1364 μεταιτεῖν,
1855 1284 2116 1371 κάκείνῳ
2160 1314 2229 1352 τε

363 1388 589 1478 ἐχθρὸν
631 1387 787 1453 εἶναι
830 1387 934 1452 καὶ
979 1385 1256 1465 τούτοις;
1300 1385 1406 1451 καὶ
1451 1384 1593 1456 τοὺς
1632 1386 1746 1467 μὲν
1781 1386 2229 1476 αἰχμαλώτους

360 1591 527 1639 locum
563 1589 773 1651 praebet
805 1589 926 1650 LyS.
959 1587 1021 1636 de
1055 1587 1319 1635 Eratosth.
1360 1587 1511 1635 Caed.
1551 1589 1578 1648 5
1615 1588 1678 1635 40
1712 1602 1761 1648 p.
1801 1589 1861 1638 95
1909 1588 1981 1638 St.
1999 1589 2116 1638 =43
2160 1589 2219 1641 R.

363 1657 652 1714 ἐνθυμήθητε
687 1656 776 1710 ὅτι,
818 1657 859 1702 εἰ
898 1655 946 1702 ἐν
978 1645 1128 1713 ἐκείνῃ
1166 1655 1230 1712 τῇ
1259 1654 1387 1700 νυκτὶ
1422 1654 1520 1711 ἐγὼ
1555 1654 1865 1714 ἐπεβούλευον
1898 1652 2227 1715 Ἐρατοσθένει

363 1722 540 1779 πότερ
554 1733 612 1767 ον
633 1719 689 1777 ἦν
720 1732 799 1776 μοι
821 1720 1029 1777 κρεῖττον
1053 1717 1183 1775 αὐτῷ
1209 1718 1398 1777 ἑτέρωθι
1430 1718 1628 1764 δειπνεῖν
1657 1717 1687 1775 ἣ
1715 1718 1797 1764 τὸν
1829 1718 2227 1776 συνδειπνήσοντά

361 1802 441 1842 μοι
482 1785 789 1844 clama-‚ran
837 1781 892 1829 Is
931 1794 1128 1842 quoque
1161 1780 1302 1827 locus
1341 1782 1486 1828 erant
1526 1794 1652 1840 quos
1687 1780 1978 1828 offenderet.
2045 1781 2225 1842 Itaque

362 1852 434 1896 ὅτι
477 1849 569 1895 aut
610 1845 959 1904 eliminabant,
1006 1853 1065 1893 ut
1108 1860 1142 1892 a
1176 1846 1400 1892 librariis
1440 1844 1500 1905 (ἲ)
1538 1845 1837 1906 profectum:
1891 1847 1980 1892 aut
2023 1845 2227 1894 aiebant

362 1926 488 1960 more
537 1913 725 1959 Graeco
769 1917 817 1958 et
850 1912 1019 1957 Attico
1062 1909 1329 1957 abundare.
1404 1908 1535 1955 Novi
1576 1908 1632 1955 in
1679 1911 1764 1957 οἶδ’
1808 1910 1882 1957 ὅτι
1924 1909 2227 1970 particulam

363 1974 632 2036 aliquoties
685 1975 965 2022 abundare:
1032 1971 1090 2020 in
1144 1973 1435 2030 ἐνθυμήθητε
1480 1975 1553 2020 ὅτι
1602 1973 1777 2020 nullus
1821 1972 1982 2022 credo.
2060 1973 2225 2022 Lubet

363 2039 573 2087 tertium
605 2038 772 2085 locum
803 2037 862 2084 in
892 2035 1119 2085 medium
1146 2036 1368 2096 proferre
1396 2035 1617 2097 Thucyd.
1647 2050 1715 2084 ιν.
1742 2037 1820 2094 92,
1858 2039 2003 2096 δεῖξαι
2024 2039 2098 2086 ὅτι
2105 2077 2221 2087 ......

364 2104 664 2151 κτάσθωσαν.
729 2102 795 2148 At
832 2101 972 2149 enim
998 2100 1071 2148 ibi
1108 2100 1209 2148 alia
1247 2102 1325 2147 est
1359 2099 1490 2147 ratio
1525 2102 1828 2149 anacoluthi.
1885 2101 2091 2150 Fateor:
2137 2103 2227 2150 sed

363 2164 660 2226 neutiquam
679 2165 791 2213 ideo
819 2164 983 2213 lenior
1001 2165 1161 2211 immo
1180 2163 1445 2224 aliquanto
1467 2164 1749 2212 violentior.
1826 2164 1898 2212 Ut
1921 2164 1984 2212 ad
2015 2166 2224 2213 Demos-

365 2230 572 2278 thenem
594 2229 820 2278 redeam:
854 2228 1100 2289 putabam
1121 2227 1312 2288 utique,
1339 2227 1427 2287 qui
1460 2227 1679 2275 Graecas
1708 2228 1883 2276 literas
1918 2228 2226 2289 primoribus

364 2293 518 2342 labris
556 2294 830 2354 attigerint,
866 2306 933 2340 ne
968 2307 1053 2340 eos
1091 2291 1294 2352 quidem
1328 2293 1545 2353 duplicis
1586 2294 1936 2352 interroqativi
1973 2294 2227 2341 rationem

364 2373 469 2405 non
510 2360 825 2418 perspectam
866 2355 1217 2416 cognitamque
1258 2355 1409 2403 hodie
1439 2355 1703 2403 habuisse:
1750 2370 1844 2404 neo
1881 2356 1989 2403 fore
2029 2356 2117 2416 qui
2147 2360 2227 2417 (ut

365 2422 592 2483 exemplo
625 2422 760 2482 utar)
793 2420 849 2468 in
893 2421 970 2480 τῷ
1000 2423 1053 2467 τί
1087 2422 1238 2468 ποιεῖν
1269 2419 1386 2468 αὐτὸ
1419 2422 1627 2477 πέφυκεν
1659 2419 1692 2479 ἢ
1730 2422 1810 2479 τῷ
1844 2421 1900 2467 τί
1935 2423 2103 2469 παθεῖν
2136 2423 2228 2470 ὑπὸ

366 2488 467 2534 τοῦ
510 2485 653 2547 (Plat.
691 2483 902 2534 Phaedr.
946 2485 1041 2535 270
1077 2484 1144 2545 D)
1178 2482 1310 2530 nihil
1353 2483 1650 2536 offensionis
1688 2483 1926 2541 habeant,
1970 2483 2125 2532 iidem
2166 2484 2226 2532 in

368 2549 578 2599 σκοπεῖτ’
629 2552 671 2598 εἰ
677 2587 790 2598 ......
796 2552 843 2595 τί
886 2548 1114 2608 προσήκει
1167 2550 1333 2595 παθεῖν
1375 2546 1655 2603 haererent.
1744 2547 1991 2595 Schaefer.
2030 2550 2220 2607 tamen,

367 2612 502 2673 quod
535 2611 749 2723 niiirergS,
776 2614 991 2674 duplicis
1024 2613 1373 2671 interroqativi
1407 2625 1560 2658 usum
1590 2610 1799 2659 damnat
1837 2614 1888 2659 et
1917 2612 2043 2660 odit.
2109 2612 2221 2661 vid.

371 2678 488 2725 infr.
514 2692 546 2725 a
599 2679 624 2735 ἕ
645 2678 674 2723 2
707 2678 752 2725 9.

461 2742 617 2801 ξ245.
685 2741 989 2800 συκοφαντῶν
1031 2738 1088 2789 Ο.
1159 2738 1226 2785 In
1270 2737 1320 2788 S.
1368 2741 1403 2765 “
1421 2741 1729 2798 συκοφαντῶν
1765 2741 1955 2787 ἴδια-8.
1998 2753 2073 2801 pr.
2118 2743 2224 2787 m.'’

367 2805 519 2853 Dmn.
546 2810 578 2832 ⁴⁶
596 2806 878 2865 συκοφαντῶ
901 2807 1022 2852 νιδιο,
1044 2817 1118 2864 pr.
1153 2805 1209 2854 Σ.
1243 2803 1387 2863 prius
1410 2822 1426 2851 ι
1447 2803 1504 2849 in
1533 2822 1563 2862 η
1594 2807 1871 2851 correctum
1895 2805 2027 2853 est.”
2051 2803 2217 2853 VonM.

369 2873 422 2928 νὴ
446 2872 539 2918 Δία
559 2868 645 2916 hic
667 2867 1033 2916 voum—dv
1068 2868 1202 2930 (poet
1235 2865 1358 2925 ἦσαν
1382 2866 1497 2928 γάρ)
1521 2881 1620 2915 om.
1657 2881 1698 2916 r.
1728 2882 1766 2916 e.
1794 2867 1871 2915 ΑΙ.
1899 2872 1981 2927 nm.
2053 2868 2227 2916 Potuit

369 2947 488 2981 sane
532 2934 649 2994 post
690 2931 790 2993 γάρ
820 2930 964 2979 facile
1004 2933 1092 2978 aut
1127 2930 1348 2991 irrepere
1403 2933 1492 2978 aut
1546 2930 1788 2980 excidere.
1861 2932 1916 2980 Si
1960 2932 2083 2990 ἦσαν
2126 2932 2159 2981 i.
2176 2946 2225 2992 q.

369 3001 569 3052 ἔμελλον
606 2997 721 3044 εἶναι
762 3010 867 3043 non
902 2993 1216 3042 desideratur
1245 2994 1519 3055 particula:
1574 2995 1663 3041 sed
1697 2995 2075 3056 perspicuitatis
2109 3009 2228 3055 ergo

368 3061 419 3110 h.
438 3061 474 3108 l.
499 3059 672 3109 addita
694 3073 819 3120 opus
842 3061 933 3107 est.
1065 3061 1179 3120 πρός
1198 3076 1259 3116 με
1275 3057 1323 3106 S.
1355 3058 1414 3104 Y.
1480 3058 1597 3118 πρὸς
1619 3060 1702 3117 ἐμὲ
1733 3060 1894 3119 vulgo.
2031 3063 2229 3109 λύεσθαι

371 3126 420 3173 S.
445 3126 504 3173 Y.
528 3125 577 3174 k.
603 3138 643 3172 s.
667 3123 747 3171 A¹.
772 3125 822 3170 et
844 3141 922 3184 γρ.
950 3122 1013 3170 F.
1078 3125 1316 3171 λύσασθαι
1348 3122 1515 3182 vulgo.

370 3290 665 3341 committed
711 3289 801 3339 the
853 3290 1069 3350 wrong.'’
1150 3290 1244 3340 See
1347 3290 1562 3338 forward
1583 3304 1641 3339 as
1664 3304 1695 3339 a
1716 3305 1952 3339 common
1983 3291 2231 3341 informer

369 3361 549 3406 Armet.
577 3357 701 3404 Grit.
765 3355 886 3403 Join
923 3353 1088 3404 αὐτοὺς
1123 3354 1247 3403 with
1347 3354 1460 3402 that
1483 3355 1511 3402 I
1532 3369 1651 3415 may
1670 3354 1861 3403 receive
1892 3369 2076 3417 money
2097 3357 2230 3405 from

370 3421 457 3471 the
489 3419 756 3482 participle
786 3433 844 3467 as
880 3418 1035 3466 above
1073 3422 1097 3479 ἓ
1134 3420 1244 3476 226,
1347 3433 1463 3479 you,
1494 3420 1658 3467 which
1685 3433 1785 3481 you
1822 3421 1984 3467 would
2011 3435 2119 3483 pay
2158 3436 2230 3469 me

369 3484 514 3546 Lept.
530 3498 582 3546 p.
598 3484 694 3534 459
719 3486 746 3543 ἓ
771 3484 817 3545 9,
844 3482 1059 3531 Timocr.
1083 3496 1131 3544 p.
1155 3483 1250 3534 714
1351 3490 1399 3530 to
1454 3484 1576 3544 drop
1622 3482 1995 3545 proceedinys.''
2146 3486 2235 3533 τοῦ

369 3548 493 3607 §43-
1349 3547 1570 3607 διδόντος]
1595 3547 1700 3594 Not
1717 3548 1823 3595 who
1844 3562 1984 3608 yave,
2007 3548 2099 3596 but
2121 3551 2229 3598 who

433 3613 595 3672 §245.
644 3613 927 3673 συκοφαντῶ
940 3612 999 3670 νὴ
1017 3610 1114 3674 Δί’]
1151 3611 1250 3659 “It
1351 3611 1547 3671 offered.
1617 3610 1684 3660 So
1724 3612 1875 3659 ἐδίδου
1919 3614 1945 3671 §
1981 3613 2088 3673 183,
2131 3612 2234 3660 and

368 3679 475 3729 will
517 3678 570 3726 be
623 3677 740 3725 said
793 3677 835 3737 (ἓ
873 3676 983 3737 174)
1031 3675 1059 3722 1
1109 3689 1250 3723 come
1352 3677 1546 3736 διδοὺςς
1572 3675 1679 3725 184.
1753 3674 1821 3724 So
1842 3675 2087 3726 Domum:
2119 3676 2234 3724 who

1859 3778 1890 3836 1
1901 3776 2062 3836 2--2
