<?xml version="1.0" encoding="UTF-8"?>
<!DOCTYPE html PUBLIC "-//W3C//DTD XHTML 1.0 Transitional//EN"
    "http://www.w3.org/TR/xhtml1/DTD/xhtml1-transitional.dtd">
<html xmlns="http://www.w3.org/1999/xhtml" xml:lang="en" lang="en">
 <head>
  <title>
</title>
<meta http-equiv="Content-Type" content="text/html;charset=utf-8" />
  <meta name='ocr-system' content='tesseract 3.04.00' />
  <meta name='ocr-capabilities' content='ocr_page ocr_carea ocr_par ocr_line ocrx_word'/>
</head>
<body>
  <div class='ocr_page' id='page_1' title='image "./demosthenisdefa02shilgoog_0259.png"; bbox 0 0 2667 4142; ppageno 0'>
   <div class='ocr_carea' id='block_1_1' title="bbox 807 197 2255 264">
    <p class='ocr_par' dir='ltr' id='par_1_1' title="bbox 807 197 2255 264">
     <span class='ocr_line' id='line_1_1' title="bbox 807 197 2255 264; baseline -0.001 -3"><span class='ocrx_word' id='word_1_1' title='bbox 807 197 927 261; x_wconf 89' lang='lat' dir='ltr'>DE</span> <span class='ocrx_word' id='word_1_2' title='bbox 984 197 1267 262; x_wconf 79' lang='lat' dir='ltr'>FALSA</span> <span class='ocrx_word' id='word_1_3' title='bbox 1323 198 1846 264; x_wconf 86' lang='lat' dir='ltr'><strong>LEGATIONE.</strong></span> <span class='ocrx_word' id='word_1_4' title='bbox 2114 198 2255 262; x_wconf 77' lang='lat'><strong>‘235</strong></span> 
     </span>
    </p>
   </div>
   <div class='ocr_carea' id='block_1_2' title="bbox 229 354 2397 1567">
    <p class='ocr_par' dir='ltr' id='par_1_2' title="bbox 229 354 2397 1567">
     <span class='ocr_line' id='line_1_2' title="bbox 373 354 2258 439; baseline -0.003 -14"><span class='ocrx_word' id='word_1_5' title='bbox 373 361 601 435; x_wconf 86' lang='grc' dir='ltr'>οῦντες,</span> <span class='ocrx_word' id='word_1_6' title='bbox 651 361 757 422; x_wconf 88' lang='grc' dir='ltr'>καὶ</span> <span class='ocrx_word' id='word_1_7' title='bbox 802 354 1348 426; x_wconf 69' lang='grc' dir='ltr'>ὠτακουστοῦντες</span> <span class='ocrx_word' id='word_1_8' title='bbox 1395 356 1464 422; x_wconf 87' lang='grc' dir='ltr'>τί</span> <span class='ocrx_word' id='word_1_9' title='bbox 1500 354 1583 421; x_wconf 81' lang='grc' dir='ltr'>τὰ</span> <span class='ocrx_word' id='word_1_10' title='bbox 1632 360 1758 422; x_wconf 81' lang='grc' dir='ltr'>τῶν</span> <span class='ocrx_word' id='word_1_11' title='bbox 1800 354 2142 439; x_wconf 81' lang='grc' dir='ltr'>Ἀρκάδων,</span> <span class='ocrx_word' id='word_1_12' title='bbox 2192 364 2258 420; x_wconf 80' lang='grc' dir='ltr'>τι</span> 
     </span>
     <span class='ocr_line' id='line_1_3' title="bbox 377 456 2253 546; baseline 0.002 -21"><span class='ocrx_word' id='word_1_13' title='bbox 377 462 461 526; x_wconf 81' lang='grc' dir='ltr'>τὰ</span> <span class='ocrx_word' id='word_1_14' title='bbox 505 464 630 524; x_wconf 80' lang='grc' dir='ltr'>τῶν</span> <span class='ocrx_word' id='word_1_15' title='bbox 685 458 1178 541; x_wconf 81' lang='grc' dir='ltr'>Ἀμφικτυόνων,</span> <span class='ocrx_word' id='word_1_16' title='bbox 1225 463 1343 524; x_wconf 85' lang='grc' dir='ltr'>ποῖ</span> <span class='ocrx_word' id='word_1_17' title='bbox 1388 459 1653 546; x_wconf 82' lang='grc' dir='ltr'>πάρεισι</span> <span class='ocrx_word' id='word_1_18' title='bbox 1698 458 2050 538; x_wconf 79' lang='grc' dir='ltr'>Φίλιππος,</span> <span class='ocrx_word' id='word_1_19' title='bbox 2103 461 2172 541; x_wconf 87' lang='grc' dir='ltr'>ζῇ</span> <span class='ocrx_word' id='word_1_20' title='bbox 2212 456 2253 538; x_wconf 81' lang='grc' dir='ltr'>ἢ</span> 
     </span>
     <span class='ocr_line' id='line_1_4' title="bbox 234 559 2397 644; baseline -0.001 -19"><span class='ocrx_word' id='word_1_21' title='bbox 234 587 348 644; x_wconf 84' lang='lat'>331</span> <span class='ocrx_word' id='word_1_22' title='bbox 378 562 686 640; x_wconf 87' lang='grc' dir='ltr'>τέθνηκεν.</span> <span class='ocrx_word' id='word_1_23' title='bbox 761 561 833 626; x_wconf 80' lang='grc' dir='ltr'>οὗ</span> <span class='ocrx_word' id='word_1_24' title='bbox 874 564 1140 626; x_wconf 86' lang='grc' dir='ltr'>τοιαῦτα</span> <span class='ocrx_word' id='word_1_25' title='bbox 1181 564 1519 643; x_wconf 85' lang='grc' dir='ltr'>ποιοῦμεν;</span> <span class='ocrx_word' id='word_1_26' title='bbox 1581 559 1702 643; x_wconf 81' lang='grc' dir='ltr'>ε’γῶ</span> <span class='ocrx_word' id='word_1_27' title='bbox 1753 561 1820 626; x_wconf 85' lang='grc' dir='ltr'>δὲ</span> <span class='ocrx_word' id='word_1_28' title='bbox 1872 560 1943 625; x_wconf 82' lang='grc' dir='ltr'>οὐ</span> <span class='ocrx_word' id='word_1_29' title='bbox 1989 559 2252 638; x_wconf 84' lang='grc' dir='ltr'>δέδοικα,</span> <span class='ocrx_word' id='word_1_30' title='bbox 2284 566 2397 642; x_wconf 89' lang='lat'>289</span> 
     </span>
     <span class='ocr_line' id='line_1_5' title="bbox 366 660 2256 746; baseline -0.001 -18"><span class='ocrx_word' id='word_1_31' title='bbox 366 663 437 728; x_wconf 81' lang='grc' dir='ltr'>ἐἰ</span> <span class='ocrx_word' id='word_1_32' title='bbox 477 664 808 732; x_wconf 80' lang='grc' dir='ltr'>Φίλιππος</span> <span class='ocrx_word' id='word_1_33' title='bbox 848 667 935 746; x_wconf 85' lang='grc' dir='ltr'>ζῇ,</span> <span class='ocrx_word' id='word_1_34' title='bbox 975 661 1121 727; x_wconf 77' lang='grc' dir='ltr'>ἀλλ’</span> <span class='ocrx_word' id='word_1_35' title='bbox 1158 661 1214 727; x_wconf 83' lang='grc' dir='ltr'>εἰ</span> <span class='ocrx_word' id='word_1_36' title='bbox 1256 667 1370 742; x_wconf 87' lang='grc' dir='ltr'>τῆς</span> <span class='ocrx_word' id='word_1_37' title='bbox 1413 663 1658 733; x_wconf 80' lang='grc' dir='ltr'>πόλεως</span> <span class='ocrx_word' id='word_1_38' title='bbox 1701 661 1959 743; x_wconf 88' lang='grc' dir='ltr'>τέθνηκε</span> <span class='ocrx_word' id='word_1_39' title='bbox 2001 660 2074 727; x_wconf 82' lang='grc' dir='ltr'>τὸ</span> <span class='ocrx_word' id='word_1_40' title='bbox 2115 661 2256 731; x_wconf 75' lang='grc' dir='ltr'>τοὺς</span> 
     </span>
     <span class='ocr_line' id='line_1_6' title="bbox 378 764 2256 850; baseline -0.001 -21"><span class='ocrx_word' id='word_1_41' title='bbox 378 764 745 836; x_wconf 76' lang='grc' dir='ltr'>ἀδικοῦντας</span> <span class='ocrx_word' id='word_1_42' title='bbox 801 770 1012 848; x_wconf 78' lang='grc' dir='ltr'>μισεῖν</span> <span class='ocrx_word' id='word_1_43' title='bbox 1069 765 1176 828; x_wconf 89' lang='grc' dir='ltr'>καὶ</span> <span class='ocrx_word' id='word_1_44' title='bbox 1233 766 1662 850; x_wconf 84' lang='grc' dir='ltr'>τιμωρεῖσθαι·</span> <span class='ocrx_word' id='word_1_45' title='bbox 1747 764 1887 830; x_wconf 83' lang='grc' dir='ltr'>οὐδὲ</span> <span class='ocrx_word' id='word_1_46' title='bbox 1937 764 2136 850; x_wconf 84' lang='grc' dir='ltr'>φοβεῖ</span> <span class='ocrx_word' id='word_1_47' title='bbox 2175 789 2256 844; x_wconf 90' lang='grc' dir='ltr'>με</span> 
     </span>
     <span class='ocr_line' id='line_1_7' title="bbox 378 866 2254 953; baseline 0 -21"><span class='ocrx_word' id='word_1_48' title='bbox 378 869 725 947; x_wconf 82' lang='grc' dir='ltr'>Φίλιππος,</span> <span class='ocrx_word' id='word_1_49' title='bbox 776 867 855 934; x_wconf 74' lang='grc' dir='ltr'>ὃν</span> <span class='ocrx_word' id='word_1_50' title='bbox 904 867 988 932; x_wconf 83' lang='grc' dir='ltr'>τὰ</span> <span class='ocrx_word' id='word_1_51' title='bbox 1033 868 1185 952; x_wconf 85' lang='grc' dir='ltr'>παρ’</span> <span class='ocrx_word' id='word_1_52' title='bbox 1232 867 1404 953; x_wconf 78' lang='grc' dir='ltr'>ὑμῶν</span> <span class='ocrx_word' id='word_1_53' title='bbox 1463 868 1725 953; x_wconf 79' lang='grc' dir='ltr'>ὑγιαίνῃ,</span> <span class='ocrx_word' id='word_1_54' title='bbox 1772 868 1919 934; x_wconf 82' lang='grc' dir='ltr'>ἀλλ’</span> <span class='ocrx_word' id='word_1_55' title='bbox 1978 869 2038 934; x_wconf 80' lang='grc' dir='ltr'>εἰ</span> <span class='ocrx_word' id='word_1_56' title='bbox 2100 866 2254 951; x_wconf 81' lang='grc' dir='ltr'>παρ’</span> 
     </span>
     <span class='ocr_line' id='line_1_8' title="bbox 377 968 2255 1057; baseline -0.001 -21"><span class='ocrx_word' id='word_1_57' title='bbox 377 968 522 1053; x_wconf 70' lang='grc' dir='ltr'>ὑμῖν</span> <span class='ocrx_word' id='word_1_58' title='bbox 579 969 760 1036; x_wconf 81' lang='grc' dir='ltr'>ἄδεια</span> <span class='ocrx_word' id='word_1_59' title='bbox 814 971 1148 1052; x_wconf 89' lang='grc' dir='ltr'>γενήσεται</span> <span class='ocrx_word' id='word_1_60' title='bbox 1209 977 1340 1041; x_wconf 88' lang='grc' dir='ltr'>τοῖς</span> <span class='ocrx_word' id='word_1_61' title='bbox 1398 972 1550 1057; x_wconf 82' lang='grc' dir='ltr'>παρ’</span> <span class='ocrx_word' id='word_1_62' title='bbox 1599 973 1836 1038; x_wconf 87' lang='grc' dir='ltr'>ἐκείνου</span> <span class='ocrx_word' id='word_1_63' title='bbox 1883 971 2255 1055; x_wconf 78' lang='grc' dir='ltr'>μισθαρνεῖν</span> 
     </span>
     <span class='ocr_line' id='line_1_9' title="bbox 375 1069 2251 1157; baseline 0.001 -21"><span class='ocrx_word' id='word_1_64' title='bbox 375 1071 806 1153; x_wconf 77' lang='grc' dir='ltr'>βουλομένοις,</span> <span class='ocrx_word' id='word_1_65' title='bbox 869 1073 977 1138; x_wconf 86' lang='grc' dir='ltr'>καὶ</span> <span class='ocrx_word' id='word_1_66' title='bbox 1048 1074 1386 1157; x_wconf 77' lang='grc' dir='ltr'>συνεροῦσί</span> <span class='ocrx_word' id='word_1_67' title='bbox 1447 1101 1608 1144; x_wconf 89' lang='grc' dir='ltr'>τινες</span> <span class='ocrx_word' id='word_1_68' title='bbox 1666 1073 1907 1143; x_wconf 84' lang='grc' dir='ltr'>τούτοις</span> <span class='ocrx_word' id='word_1_69' title='bbox 1963 1077 2089 1138; x_wconf 84' lang='grc' dir='ltr'>τῶν</span> <span class='ocrx_word' id='word_1_70' title='bbox 2146 1069 2251 1157; x_wconf 83' lang='grc' dir='ltr'>ὑφ’</span> 
     </span>
     <span class='ocr_line' id='line_1_10' title="bbox 375 1172 2254 1261; baseline 0.002 -25"><span class='ocrx_word' id='word_1_71' title='bbox 375 1172 544 1253; x_wconf 84' lang='grc' dir='ltr'>ὑμῶν</span> <span class='ocrx_word' id='word_1_72' title='bbox 566 1175 1103 1257; x_wconf 84' lang='grc' dir='ltr'>πεπιστευμένων,</span> <span class='ocrx_word' id='word_1_73' title='bbox 1125 1175 1230 1240; x_wconf 88' lang='grc' dir='ltr'>καὶ</span> <span class='ocrx_word' id='word_1_74' title='bbox 1258 1175 1473 1241; x_wconf 84' lang='grc' dir='ltr'>πάντα</span> <span class='ocrx_word' id='word_1_75' title='bbox 1500 1176 1607 1241; x_wconf 85' lang='grc' dir='ltr'>τὸν</span> <span class='ocrx_word' id='word_1_76' title='bbox 1636 1176 1997 1259; x_wconf 82' lang='grc' dir='ltr'>ἔμπροσθεν</span> <span class='ocrx_word' id='word_1_77' title='bbox 2024 1173 2254 1261; x_wconf 83' lang='grc' dir='ltr'>χρόνον</span> 
     </span>
     <span class='ocr_line' id='line_1_11' title="bbox 366 1274 2250 1364; baseline 0.002 -25"><span class='ocrx_word' id='word_1_78' title='bbox 366 1274 735 1359; x_wconf 77' lang='grc' dir='ltr'>ἀρνούμενοι</span> <span class='ocrx_word' id='word_1_79' title='bbox 777 1275 864 1358; x_wconf 78' lang='grc' dir='ltr'>μὴ</span> <span class='ocrx_word' id='word_1_80' title='bbox 906 1278 1210 1362; x_wconf 82' lang='grc' dir='ltr'>πράττειν</span> <span class='ocrx_word' id='word_1_81' title='bbox 1259 1277 1420 1364; x_wconf 83' lang='grc' dir='ltr'>ὑπὲρ</span> <span class='ocrx_word' id='word_1_82' title='bbox 1464 1278 1805 1345; x_wconf 84' lang='grc' dir='ltr'>Φιλίππου</span> <span class='ocrx_word' id='word_1_83' title='bbox 1847 1283 1955 1345; x_wconf 85' lang='grc' dir='ltr'>νῦν</span> <span class='ocrx_word' id='word_1_84' title='bbox 2011 1277 2250 1359; x_wconf 81' lang='grc' dir='ltr'>ἄναβή·</span> 
     </span>
     <span class='ocr_line' id='line_1_12' title="bbox 229 1378 2392 1464; baseline 0.002 -23"><span class='ocrx_word' id='word_1_85' title='bbox 229 1402 266 1457; x_wconf 88' lang='lat'>3</span> <span class='ocrx_word' id='word_1_86' title='bbox 273 1402 346 1458; x_wconf 86' lang='lat'>32</span> <span class='ocrx_word' id='word_1_87' title='bbox 376 1403 616 1455; x_wconf 89' lang='grc' dir='ltr'>σονται,</span> <span class='ocrx_word' id='word_1_88' title='bbox 654 1382 854 1444; x_wconf 83' lang='grc' dir='ltr'>ταῦτα</span> <span class='ocrx_word' id='word_1_89' title='bbox 901 1380 1098 1461; x_wconf 82' lang='grc' dir='ltr'>φοβεῖ</span> <span class='ocrx_word' id='word_1_90' title='bbox 1135 1405 1233 1461; x_wconf 90' lang='grc' dir='ltr'>με.</span> <span class='ocrx_word' id='word_1_91' title='bbox 1307 1378 1378 1443; x_wconf 85' lang='grc' dir='ltr'>τί</span> <span class='ocrx_word' id='word_1_92' title='bbox 1413 1379 1535 1464; x_wconf 86' lang='grc' dir='ltr'>γὰρ</span> <span class='ocrx_word' id='word_1_93' title='bbox 1588 1378 1663 1460; x_wconf 74' lang='grc' dir='ltr'>δή</span> <span class='ocrx_word' id='word_1_94' title='bbox 1710 1405 1888 1457; x_wconf 82' lang='grc' dir='ltr'>ποτε,</span> <span class='ocrx_word' id='word_1_95' title='bbox 1936 1379 2245 1458; x_wconf 82' lang='grc' dir='ltr'>Εὔβουλε,</span> <span class='ocrx_word' id='word_1_96' title='bbox 2279 1406 2392 1463; x_wconf 84' lang='lat'>²90</span> 
     </span>
     <span class='ocr_line' id='line_1_13' title="bbox 372 1476 2250 1567; baseline 0.001 -24"><span class='ocrx_word' id='word_1_97' title='bbox 372 1476 741 1565; x_wconf 83' lang='grc' dir='ltr'>Ἡγησίλεῳ</span> <span class='ocrx_word' id='word_1_98' title='bbox 797 1481 915 1564; x_wconf 87' lang='grc' dir='ltr'>μὲν</span> <span class='ocrx_word' id='word_1_99' title='bbox 973 1479 1313 1567; x_wconf 77' lang='grc' dir='ltr'>κρινομένῳ</span> <span class='ocrx_word' id='word_1_100' title='bbox 1360 1477 1424 1550; x_wconf 78' lang='grc' dir='ltr'>ὃς</span> <span class='ocrx_word' id='word_1_101' title='bbox 1468 1480 1733 1566; x_wconf 71' lang='grc' dir='ltr'>ἀνεψιός</span> <span class='ocrx_word' id='word_1_102' title='bbox 1780 1480 1926 1545; x_wconf 89' lang='grc' dir='ltr'>ἐστι’</span> <span class='ocrx_word' id='word_1_103' title='bbox 1972 1506 2095 1558; x_wconf 87' lang='grc' dir='ltr'>σοι,</span> <span class='ocrx_word' id='word_1_104' title='bbox 2142 1481 2250 1545; x_wconf 90' lang='grc' dir='ltr'>καὶ</span> 
     </span>
    </p>
   </div>
   <div class='ocr_carea' id='block_1_3' title="bbox 373 1652 2253 1780">
    <p class='ocr_par' dir='ltr' id='par_1_3' title="bbox 373 1652 2253 1780">
     <span class='ocr_line' id='line_1_14' title="bbox 375 1652 2253 1715; baseline -0.002 -12"><span class='ocrx_word' id='word_1_105' title='bbox 375 1657 641 1712; x_wconf 75' lang='lat' dir='ltr'><strong>tandem,·”</strong></span> <span class='ocrx_word' id='word_1_106' title='bbox 676 1668 851 1704; x_wconf 83' lang='lat' dir='ltr'><strong>verum</strong></span> <span class='ocrx_word' id='word_1_107' title='bbox 879 1653 935 1701; x_wconf 85' lang='lat' dir='ltr'>id</span> <span class='ocrx_word' id='word_1_108' title='bbox 967 1653 1174 1714; x_wconf 87' lang='lat' dir='ltr'><strong>quidem</strong></span> <span class='ocrx_word' id='word_1_109' title='bbox 1207 1656 1286 1701; x_wconf 82' lang='lat' dir='ltr'>est</span> <span class='ocrx_word' id='word_1_110' title='bbox 1319 1652 1454 1714; x_wconf 88' lang='lat' dir='ltr'><strong>quod</strong></span> <span class='ocrx_word' id='word_1_111' title='bbox 1487 1653 1553 1701; x_wconf 83' lang='lat' dir='ltr'><strong>ad</strong></span> <span class='ocrx_word' id='word_1_112' title='bbox 1583 1655 1661 1701; x_wconf 81' lang='grc' dir='ltr'>νῦν</span> <span class='ocrx_word' id='word_1_113' title='bbox 1686 1656 1776 1714; x_wconf 84' lang='grc' dir='ltr'>ἤδη</span> <span class='ocrx_word' id='word_1_114' title='bbox 1806 1654 2015 1715; x_wconf 75' lang='lat' dir='ltr'><strong>spectat,</strong></span> <span class='ocrx_word' id='word_1_115' title='bbox 2048 1652 2136 1701; x_wconf 83' lang='lat' dir='ltr'>sed</span> <span class='ocrx_word' id='word_1_116' title='bbox 2162 1656 2253 1713; x_wconf 82' lang='grc' dir='ltr'>ἥδη</span> 
     </span>
     <span class='ocr_line' id='line_1_15' title="bbox 373 1717 2250 1780; baseline -0.001 -12"><span class='ocrx_word' id='word_1_117' title='bbox 373 1721 452 1768; x_wconf 81' lang='grc' dir='ltr'>νῦν</span> <span class='ocrx_word' id='word_1_118' title='bbox 471 1719 706 1767; x_wconf 86' lang='lat' dir='ltr'><strong>latiorem</strong></span> <span class='ocrx_word' id='word_1_119' title='bbox 727 1732 879 1766; x_wconf 81' lang='lat' dir='ltr'><strong>usum</strong></span> <span class='ocrx_word' id='word_1_120' title='bbox 906 1717 1022 1766; x_wconf 84' lang='lat' dir='ltr'><strong>vide</strong></span> <span class='ocrx_word' id='word_1_121' title='bbox 1051 1732 1118 1765; x_wconf 90' lang='lat' dir='ltr'>ne</span> <span class='ocrx_word' id='word_1_122' title='bbox 1149 1717 1390 1779; x_wconf 82' lang='lat' dir='ltr'><strong>patiatur.</strong></span> <span class='ocrx_word' id='word_1_123' title='bbox 1455 1717 1584 1766; x_wconf 86' lang='lat' dir='ltr'><strong>Xen.</strong></span> <span class='ocrx_word' id='word_1_124' title='bbox 1610 1717 1786 1780; x_wconf 77' lang='lat' dir='ltr'><strong>Cyrop.</strong></span> <span class='ocrx_word' id='word_1_125' title='bbox 1817 1732 1900 1768; x_wconf 66' lang='grc' dir='ltr'>π·</span> <span class='ocrx_word' id='word_1_126' title='bbox 1915 1718 1958 1768; x_wconf 91' lang='grc'>1.</span> <span class='ocrx_word' id='word_1_127' title='bbox 1987 1718 2051 1766; x_wconf 82' lang='lat'>40</span> <span class='ocrx_word' id='word_1_128' title='bbox 2085 1720 2144 1767; x_wconf 80' lang='grc' dir='ltr'>ὡς</span> <span class='ocrx_word' id='word_1_129' title='bbox 2167 1720 2250 1766; x_wconf 75' lang='grc' dir='ltr'>τό·</span> 
     </span>
    </p>
   </div>
   <div class='ocr_carea' id='block_1_4' title="bbox 371 1784 1217 1859">
    <p class='ocr_par' dir='ltr' id='par_1_4' title="bbox 371 1784 1217 1859">
     <span class='ocr_line' id='line_1_16' title="bbox 371 1784 1217 1859; baseline 0 -29"><span class='ocrx_word' id='word_1_130' title='bbox 371 1787 658 1845; x_wconf 82' lang='grc' dir='ltr'>ρευσομένου</span> <span class='ocrx_word' id='word_1_131' title='bbox 678 1786 771 1843; x_wconf 80' lang='grc' dir='ltr'>οὖν,</span> <span class='ocrx_word' id='word_1_132' title='bbox 799 1785 907 1843; x_wconf 81' lang='grc' dir='ltr'>ἔφη,</span> <span class='ocrx_word' id='word_1_133' title='bbox 937 1785 1004 1859; x_wconf 65' lang='grc' dir='ltr'>ᾒδ</span> <span class='ocrx_word' id='word_1_134' title='bbox 1014 1801 1044 1841; x_wconf 89' lang='grc' dir='ltr'><em>η</em></span> <span class='ocrx_word' id='word_1_135' title='bbox 1085 1784 1217 1831; x_wconf 76' lang='grc' dir='ltr'>νυνί.</span> 
     </span>
    </p>
   </div>
   <div class='ocr_carea' id='block_1_5' title="bbox 466 1861 2243 1959">
    <p class='ocr_par' dir='ltr' id='par_1_5' title="bbox 466 1861 2243 1959">
     <span class='ocr_line' id='line_1_17' title="bbox 466 1861 2243 1959; baseline 0.001 -13"><span class='ocrx_word' id='word_1_136' title='bbox 466 1898 627 1959; x_wconf 70' lang='lat'><strong>5331.</strong></span> <span class='ocrx_word' id='word_1_137' title='bbox 694 1899 738 1945; x_wconf 71' lang='grc' dir='ltr'>εἰ</span> <span class='ocrx_word' id='word_1_138' title='bbox 775 1899 887 1957; x_wconf 77' lang='grc' dir='ltr'>παρ’</span> <span class='ocrx_word' id='word_1_139' title='bbox 929 1861 1038 1955; x_wconf 51' lang='lat' dir='ltr'>{flav</span> <span class='ocrx_word' id='word_1_140' title='bbox 1072 1895 1129 1946; x_wconf 86' lang='lat' dir='ltr'><strong>F.</strong></span> <span class='ocrx_word' id='word_1_141' title='bbox 1201 1896 1313 1954; x_wconf 80' lang='grc' dir='ltr'>ἡμῖν</span> <span class='ocrx_word' id='word_1_142' title='bbox 1352 1894 1405 1943; x_wconf 83' lang='lat' dir='ltr'><strong>S.</strong></span> <span class='ocrx_word' id='word_1_143' title='bbox 1438 1895 1498 1943; x_wconf 88' lang='lat' dir='ltr'>Y.</span> <span class='ocrx_word' id='word_1_144' title='bbox 1533 1895 1583 1945; x_wconf 81' lang='lat' dir='ltr'><strong>k.</strong></span> <span class='ocrx_word' id='word_1_145' title='bbox 1622 1895 1704 1944; x_wconf 81' lang='lat' dir='ltr'><strong>A¹.</strong></span> <span class='ocrx_word' id='word_1_146' title='bbox 1738 1894 1817 1945; x_wconf 50' lang='grc' dir='ltr'>Δῖ</span> <span class='ocrx_word' id='word_1_147' title='bbox 1886 1913 2154 1959; x_wconf 85' lang='grc' dir='ltr'>συναιρουσι</span> <span class='ocrx_word' id='word_1_148' title='bbox 2194 1896 2243 1948; x_wconf 81' lang='lat' dir='ltr'><strong>S.</strong></span> 
     </span>
    </p>
   </div>
   <div class='ocr_carea' id='block_1_6' title="bbox 369 1960 2248 2088">
    <p class='ocr_par' dir='ltr' id='par_1_6' title="bbox 369 1960 2248 2088">
     <span class='ocr_line' id='line_1_18' title="bbox 369 1960 1609 2023; baseline -0.002 -13"><span class='ocrx_word' id='word_1_149' title='bbox 369 1960 482 2010; x_wconf 79' lang='lat' dir='ltr'><strong>Vid.</strong></span> <span class='ocrx_word' id='word_1_150' title='bbox 508 1962 572 2010; x_wconf 81' lang='lat' dir='ltr'><strong>ad</strong></span> <span class='ocrx_word' id='word_1_151' title='bbox 593 1966 619 2022; x_wconf 66' lang='lat'>5</span> <span class='ocrx_word' id='word_1_152' title='bbox 643 1961 752 2010; x_wconf 86' lang='lat'><strong>261.</strong></span> <span class='ocrx_word' id='word_1_153' title='bbox 882 1964 948 2020; x_wconf 80' lang='grc' dir='ltr'>μὴ</span> <span class='ocrx_word' id='word_1_154' title='bbox 975 1963 1113 2023; x_wconf 76' lang='lat' dir='ltr'><strong>(ante</strong></span> <span class='ocrx_word' id='word_1_155' title='bbox 1136 1962 1378 2021; x_wconf 78' lang='grc' dir='ltr'>πράττειν)</span> <span class='ocrx_word' id='word_1_156' title='bbox 1404 1974 1504 2007; x_wconf 89' lang='lat' dir='ltr'><strong>om.</strong></span> <span class='ocrx_word' id='word_1_157' title='bbox 1529 1960 1609 2008; x_wconf 81' lang='lat' dir='ltr'><strong>A².</strong></span> 
     </span>
     <span class='ocr_line' id='line_1_19' title="bbox 464 2023 2248 2088; baseline -0.001 -14"><span class='ocrx_word' id='word_1_158' title='bbox 464 2030 490 2088; x_wconf 69' lang='lat' dir='ltr'>g</span> <span class='ocrx_word' id='word_1_159' title='bbox 529 2029 639 2076; x_wconf 82' lang='lat'><strong>332.</strong></span> <span class='ocrx_word' id='word_1_160' title='bbox 705 2026 977 2086; x_wconf 80' lang='grc' dir='ltr'>Ἠγεσίλεω</span> <span class='ocrx_word' id='word_1_161' title='bbox 1019 2027 1105 2082; x_wconf 83' lang='grc' dir='ltr'>μὲν</span> <span class='ocrx_word' id='word_1_162' title='bbox 1145 2027 1411 2084; x_wconf 79' lang='grc' dir='ltr'>κρινομένου</span> <span class='ocrx_word' id='word_1_163' title='bbox 1455 2024 1673 2072; x_wconf 74' lang='lat' dir='ltr'><strong>ULPIAN.</strong></span> <span class='ocrx_word' id='word_1_164' title='bbox 1712 2024 1870 2084; x_wconf 82' lang='lat' dir='ltr'><strong>Marg.</strong></span> <span class='ocrx_word' id='word_1_165' title='bbox 1910 2023 2081 2072; x_wconf 72' lang='lat' dir='ltr'><strong>Latet.</strong></span> <span class='ocrx_word' id='word_1_166' title='bbox 2149 2023 2248 2073; x_wconf 77' lang='lat' dir='ltr'>Sed</span> 
     </span>
    </p>
   </div>
   <div class='ocr_carea' id='block_1_7' title="bbox 368 2088 2248 2150">
    <p class='ocr_par' dir='ltr' id='par_1_7' title="bbox 368 2088 2248 2150">
     <span class='ocr_line' id='line_1_20' title="bbox 368 2088 2248 2150; baseline -0.001 -11"><span class='ocrx_word' id='word_1_167' title='bbox 368 2088 570 2139; x_wconf 78' lang='lat' dir='ltr'><strong>dativus</strong></span> <span class='ocrx_word' id='word_1_168' title='bbox 605 2089 672 2139; x_wconf 86' lang='lat' dir='ltr'><strong>ad</strong></span> <span class='ocrx_word' id='word_1_169' title='bbox 703 2090 968 2140; x_wconf 80' lang='grc' dir='ltr'>ὑπακοῦσαι</span> <span class='ocrx_word' id='word_1_170' title='bbox 1001 2090 1212 2150; x_wconf 79' lang='lat' dir='ltr'><strong>spectat.</strong></span> <span class='ocrx_word' id='word_1_171' title='bbox 1277 2088 1665 2137; x_wconf 80' lang='lat' dir='ltr'><strong>Et&#39;neeeesario</strong></span> <span class='ocrx_word' id='word_1_172' title='bbox 1691 2090 1961 2150; x_wconf 77' lang='lat' dir='ltr'>sequentes</span> <span class='ocrx_word' id='word_1_173' title='bbox 1995 2090 2159 2138; x_wconf 80' lang='lat' dir='ltr'><strong>dativi</strong></span> <span class='ocrx_word' id='word_1_174' title='bbox 2191 2089 2248 2138; x_wconf 84' lang='lat' dir='ltr'>in</span> 
     </span>
    </p>
   </div>
   <div class='ocr_carea' id='block_1_8' title="bbox 756 1988 880 1998">
    <p class='ocr_par' dir='ltr' id='par_1_8' title="bbox 756 1988 880 1998">
     <span class='ocr_line' id='line_1_21' title="bbox 756 1988 880 1998; baseline 0 2144"><span class='ocrx_word' id='word_1_175' title='bbox 756 1988 880 1998; x_wconf 95' lang='lat' dir='ltr'> </span> 
     </span>
    </p>
   </div>
   <div class='ocr_carea' id='block_1_9' title="bbox 360 2244 2246 3723">
    <p class='ocr_par' dir='ltr' id='par_1_9' title="bbox 360 2244 2246 3723">
     <span class='ocr_line' id='line_1_22' title="bbox 367 2244 2245 2315; baseline 0 -11"><span class='ocrx_word' id='word_1_176' title='bbox 367 2256 421 2304; x_wconf 85' lang='lat' dir='ltr'><strong>at</strong></span> <span class='ocrx_word' id='word_1_177' title='bbox 443 2254 549 2304; x_wconf 83' lang='lat' dir='ltr'><strong>thie</strong></span> <span class='ocrx_word' id='word_1_178' title='bbox 571 2268 692 2314; x_wconf 81' lang='lat' dir='ltr'><strong>very</strong></span> <span class='ocrx_word' id='word_1_179' title='bbox 711 2253 889 2302; x_wconf 89' lang='lat' dir='ltr'><strong>time.”</strong></span> <span class='ocrx_word' id='word_1_180' title='bbox 959 2251 1052 2300; x_wconf 87' lang='lat' dir='ltr'>See</span> <span class='ocrx_word' id='word_1_181' title='bbox 1073 2244 1257 2301; x_wconf 48' lang='lat' dir='ltr'><strong>Afflnot.</strong></span> <span class='ocrx_word' id='word_1_182' title='bbox 1353 2252 1463 2300; x_wconf 86' lang='lat' dir='ltr'>The</span> <span class='ocrx_word' id='word_1_183' title='bbox 1494 2255 1710 2313; x_wconf 76' lang='lat' dir='ltr'>yenitive</span> <span class='ocrx_word' id='word_1_184' title='bbox 1740 2253 1787 2301; x_wconf 81' lang='lat' dir='ltr'>is</span> <span class='ocrx_word' id='word_1_185' title='bbox 1820 2255 2072 2315; x_wconf 82' lang='lat' dir='ltr'><strong>governed</strong></span> <span class='ocrx_word' id='word_1_186' title='bbox 2105 2256 2159 2304; x_wconf 77' lang='lat' dir='ltr'>of</span> <span class='ocrx_word' id='word_1_187' title='bbox 2188 2259 2245 2305; x_wconf 84' lang='grc' dir='ltr'>τὸ</span> 
     </span>
     <span class='ocr_line' id='line_1_23' title="bbox 369 2315 2245 2381; baseline 0.002 -15"><span class='ocrx_word' id='word_1_188' title='bbox 369 2318 987 2377; x_wconf 47' lang='grc' dir='ltr'>Θήρ-ὠτακουστοῦντες]</span> <span class='ocrx_word' id='word_1_189' title='bbox 1018 2315 1256 2365; x_wconf 84' lang='lat' dir='ltr'><strong>“Herod.</strong></span> <span class='ocrx_word' id='word_1_190' title='bbox 1352 2320 1506 2375; x_wconf 84' lang='grc' dir='ltr'>μισεῖν</span> <span class='ocrx_word' id='word_1_191' title='bbox 1526 2321 1843 2376; x_wconf 84' lang='grc' dir='ltr'>τιμωρεῖσθαι.</span> <span class='ocrx_word' id='word_1_192' title='bbox 1910 2326 1943 2349; x_wconf 86' lang='grc'>“</span> <span class='ocrx_word' id='word_1_193' title='bbox 1963 2320 2071 2368; x_wconf 82' lang='lat' dir='ltr'>The</span> <span class='ocrx_word' id='word_1_194' title='bbox 2100 2320 2245 2381; x_wconf 73' lang='lat' dir='ltr'><strong>city’s</strong></span> 
     </span>
     <span class='ocr_line' id='line_1_24' title="bbox 364 2380 2242 2442; baseline 0.002 -12"><span class='ocrx_word' id='word_1_195' title='bbox 364 2394 477 2430; x_wconf 85' lang='lat' dir='ltr'><strong>v111.</strong></span> <span class='ocrx_word' id='word_1_196' title='bbox 522 2384 615 2431; x_wconf 84' lang='grc'>130</span> <span class='ocrx_word' id='word_1_197' title='bbox 665 2382 790 2431; x_wconf 89' lang='lat' dir='ltr'><strong>fin.”</strong></span> <span class='ocrx_word' id='word_1_198' title='bbox 823 2382 986 2429; x_wconf 73' lang='lat' dir='ltr'><strong>Dona.</strong></span> <span class='ocrx_word' id='word_1_199' title='bbox 1055 2383 1152 2439; x_wconf 72' lang='grc' dir='ltr'>ἅμα</span> <span class='ocrx_word' id='word_1_200' title='bbox 1207 2383 1258 2429; x_wconf 73' lang='grc' dir='ltr'>δὲ</span> <span class='ocrx_word' id='word_1_201' title='bbox 1352 2380 1533 2429; x_wconf 85' lang='lat' dir='ltr'><strong>hatred</strong></span> <span class='ocrx_word' id='word_1_202' title='bbox 1569 2382 1671 2429; x_wconf 85' lang='lat' dir='ltr'><strong>and</strong></span> <span class='ocrx_word' id='word_1_203' title='bbox 1708 2382 2042 2442; x_wconf 78' lang='lat' dir='ltr'><strong>punishment</strong></span> <span class='ocrx_word' id='word_1_204' title='bbox 2077 2385 2131 2432; x_wconf 80' lang='lat' dir='ltr'>of</span> <span class='ocrx_word' id='word_1_205' title='bbox 2171 2386 2242 2433; x_wconf 80' lang='lat' dir='ltr'>of-</span> 
     </span>
     <span class='ocr_line' id='line_1_25' title="bbox 367 2444 2243 2508; baseline 0.001 -13"><span class='ocrx_word' id='word_1_206' title='bbox 367 2449 444 2495; x_wconf 79' lang='grc' dir='ltr'>καὶ</span> <span class='ocrx_word' id='word_1_207' title='bbox 467 2447 792 2495; x_wconf 77' lang='grc' dir='ltr'>ὠτακούστεον</span> <span class='ocrx_word' id='word_1_208' title='bbox 821 2448 909 2506; x_wconf 80' lang='grc' dir='ltr'>ὅκῃ</span> <span class='ocrx_word' id='word_1_209' title='bbox 936 2447 1164 2493; x_wconf 70' lang='grc' dir='ltr'>πεσέεται</span> <span class='ocrx_word' id='word_1_210' title='bbox 1194 2445 1258 2493; x_wconf 73' lang='grc' dir='ltr'>τοὶ</span> <span class='ocrx_word' id='word_1_211' title='bbox 1352 2444 1604 2493; x_wconf 77' lang='lat' dir='ltr'><strong>fenders.&#39;&#39;</strong></span> <span class='ocrx_word' id='word_1_212' title='bbox 1640 2446 1829 2494; x_wconf 88' lang='lat' dir='ltr'><strong>Dobree</strong></span> <span class='ocrx_word' id='word_1_213' title='bbox 1844 2449 2243 2508; x_wconf 77' lang='lat' dir='ltr'><strong>eompareePan-</strong></span> 
     </span>
     <span class='ocr_line' id='line_1_26' title="bbox 365 2509 2246 2573; baseline 0.001 -14"><span class='ocrx_word' id='word_1_214' title='bbox 365 2511 631 2573; x_wconf 77' lang='grc' dir='ltr'>Μαρδονίου</span> <span class='ocrx_word' id='word_1_215' title='bbox 669 2510 1101 2571; x_wconf 78' lang='grc' dir='ltr'>πρήγματα.-ποῖ</span> <span class='ocrx_word' id='word_1_216' title='bbox 1140 2509 1257 2568; x_wconf 69' lang='grc' dir='ltr'>πάρ·</span> <span class='ocrx_word' id='word_1_217' title='bbox 1352 2510 1539 2559; x_wconf 73' lang='lat' dir='ltr'><strong>taenet.</strong></span> <span class='ocrx_word' id='word_1_218' title='bbox 1579 2509 1689 2567; x_wconf 86' lang='grc'>976,</span> <span class='ocrx_word' id='word_1_219' title='bbox 1722 2511 1784 2557; x_wconf 90' lang='grc'>22</span> <span class='ocrx_word' id='word_1_220' title='bbox 1821 2513 1934 2570; x_wconf 76' lang='lat'>§32</span> <span class='ocrx_word' id='word_1_221' title='bbox 1971 2510 2026 2560; x_wconf 84' lang='grc' dir='ltr'>οὑ</span> <span class='ocrx_word' id='word_1_222' title='bbox 2056 2512 2155 2573; x_wconf 71' lang='grc' dir='ltr'>γάρ</span> <span class='ocrx_word' id='word_1_223' title='bbox 2187 2514 2246 2562; x_wconf 77' lang='grc' dir='ltr'>τὸ</span> 
     </span>
     <span class='ocr_line' id='line_1_27' title="bbox 366 2573 2245 2636; baseline 0.002 -14"><span class='ocrx_word' id='word_1_224' title='bbox 366 2592 457 2624; x_wconf 79' lang='grc' dir='ltr'>εισι</span> <span class='ocrx_word' id='word_1_225' title='bbox 486 2577 570 2636; x_wconf 83' lang='grc' dir='ltr'>Φ.]</span> <span class='ocrx_word' id='word_1_226' title='bbox 627 2580 659 2602; x_wconf 89' lang='grc'><em>“</em></span> <span class='ocrx_word' id='word_1_227' title='bbox 674 2573 857 2622; x_wconf 85' lang='lat' dir='ltr'><strong>Where</strong></span> <span class='ocrx_word' id='word_1_228' title='bbox 887 2573 1101 2633; x_wconf 80' lang='lat' dir='ltr'>Phssip’s</span> <span class='ocrx_word' id='word_1_229' title='bbox 1133 2574 1255 2620; x_wconf 75' lang='lat' dir='ltr'><strong>next</strong></span> <span class='ocrx_word' id='word_1_230' title='bbox 1351 2576 1637 2634; x_wconf 70' lang='grc' dir='ltr'>γιγνώσκειν</span> <span class='ocrx_word' id='word_1_231' title='bbox 1657 2576 1737 2622; x_wconf 76' lang='grc' dir='ltr'>καὶ</span> <span class='ocrx_word' id='word_1_232' title='bbox 1768 2577 1972 2623; x_wconf 81' lang='grc' dir='ltr'>συνιέναι</span> <span class='ocrx_word' id='word_1_233' title='bbox 2002 2579 2065 2624; x_wconf 63' lang='lat' dir='ltr'>vd</span> <span class='ocrx_word' id='word_1_234' title='bbox 2087 2579 2245 2626; x_wconf 81' lang='grc' dir='ltr'>δίκαια</span> 
     </span>
     <span class='ocr_line' id='line_1_28' title="bbox 362 2635 2242 2704; baseline 0.002 -18"><span class='ocrx_word' id='word_1_235' title='bbox 362 2640 656 2688; x_wconf 77' lang='lat' dir='ltr'><strong>movement</strong></span> <span class='ocrx_word' id='word_1_236' title='bbox 676 2637 780 2686; x_wconf 80' lang='lat' dir='ltr'><strong>will</strong></span> <span class='ocrx_word' id='word_1_237' title='bbox 808 2638 919 2685; x_wconf 87' lang='lat' dir='ltr'><strong>be.&#39;&#39;</strong></span> <span class='ocrx_word' id='word_1_238' title='bbox 983 2638 1176 2699; x_wconf 72' lang='grc' dir='ltr'>πάρεισι</span> <span class='ocrx_word' id='word_1_239' title='bbox 1201 2635 1256 2683; x_wconf 69' lang='lat'>01</span> <span class='ocrx_word' id='word_1_240' title='bbox 1353 2638 1478 2694; x_wconf 74' lang='grc' dir='ltr'>ὑμῶν</span> <span class='ocrx_word' id='word_1_241' title='bbox 1520 2640 1770 2700; x_wconf 73' lang='grc' dir='ltr'>ἐξαλεῖψαι</span> <span class='ocrx_word' id='word_1_242' title='bbox 1810 2638 2061 2697; x_wconf 84' lang='grc' dir='ltr'>δυνήσεται</span> <span class='ocrx_word' id='word_1_243' title='bbox 2097 2643 2242 2704; x_wconf 78' lang='lat' dir='ltr'><strong>(you-r</strong></span> 
     </span>
     <span class='ocr_line' id='line_1_29' title="bbox 363 2701 2239 2764; baseline 0.002 -14"><span class='ocrx_word' id='word_1_244' title='bbox 363 2717 539 2752; x_wconf 79' lang='lat' dir='ltr'><strong>course</strong></span> <span class='ocrx_word' id='word_1_245' title='bbox 583 2704 765 2752; x_wconf 79' lang='lat' dir='ltr'><strong>future.</strong></span> <span class='ocrx_word' id='word_1_246' title='bbox 865 2704 954 2758; x_wconf 80' lang='grc' dir='ltr'>εἶμι</span> <span class='ocrx_word' id='word_1_247' title='bbox 996 2715 1150 2749; x_wconf 84' lang='lat' dir='ltr'><strong>never</strong></span> <span class='ocrx_word' id='word_1_248' title='bbox 1192 2701 1252 2747; x_wconf 87' lang='lat' dir='ltr'>in</span> <span class='ocrx_word' id='word_1_249' title='bbox 1350 2702 1675 2761; x_wconf 74' lang='lat' dir='ltr'>determininy</span> <span class='ocrx_word' id='word_1_250' title='bbox 1729 2718 1862 2764; x_wconf 78' lang='lat' dir='ltr'>upon</span> <span class='ocrx_word' id='word_1_251' title='bbox 1907 2706 2010 2751; x_wconf 83' lang='lat' dir='ltr'>and</span> <span class='ocrx_word' id='word_1_252' title='bbox 2061 2707 2239 2753; x_wconf 81' lang='lat' dir='ltr'>under·</span> 
     </span>
     <span class='ocr_line' id='line_1_30' title="bbox 361 2764 2239 2830; baseline 0.002 -15"><span class='ocrx_word' id='word_1_253' title='bbox 361 2768 633 2816; x_wconf 63' lang='grc' dir='ltr'>Αἰτίαι-ιο.</span> <span class='ocrx_word' id='word_1_254' title='bbox 701 2768 920 2828; x_wconf 71' lang='grc' dir='ltr'>πρόσειμι</span> <span class='ocrx_word' id='word_1_255' title='bbox 941 2764 1117 2813; x_wconf 79' lang='lat' dir='ltr'><strong>Aeseh.</strong></span> <span class='ocrx_word' id='word_1_256' title='bbox 1147 2765 1251 2812; x_wconf 88' lang='lat' dir='ltr'>Eu·</span> <span class='ocrx_word' id='word_1_257' title='bbox 1346 2765 1622 2829; x_wconf 70' lang='lat' dir='ltr'><strong>standiny).</strong></span> <span class='ocrx_word' id='word_1_258' title='bbox 1709 2766 1799 2828; x_wconf 86' lang='lat' dir='ltr'><strong>Cp.</strong></span> <span class='ocrx_word' id='word_1_259' title='bbox 1851 2767 2009 2817; x_wconf 86' lang='lat' dir='ltr'><strong>above</strong></span> <span class='ocrx_word' id='word_1_260' title='bbox 2055 2772 2081 2830; x_wconf 69' lang='grc' dir='ltr'><strong>ἕ</strong></span> <span class='ocrx_word' id='word_1_261' title='bbox 2127 2771 2239 2828; x_wconf 83' lang='grc'>305,</span> 
     </span>
     <span class='ocr_line' id='line_1_31' title="bbox 362 2827 1905 2891; baseline 0.001 -12"><span class='ocrx_word' id='word_1_262' title='bbox 362 2844 500 2879; x_wconf 87' lang='lat' dir='ltr'><strong>men.</strong></span> <span class='ocrx_word' id='word_1_263' title='bbox 519 2832 613 2879; x_wconf 82' lang='lat'>242</span> <span class='ocrx_word' id='word_1_264' title='bbox 638 2830 686 2878; x_wconf 84' lang='lat' dir='ltr'>is</span> <span class='ocrx_word' id='word_1_265' title='bbox 699 2830 889 2891; x_wconf 83' lang='lat' dir='ltr'><strong>rightly</strong></span> <span class='ocrx_word' id='word_1_266' title='bbox 905 2827 1173 2890; x_wconf 81' lang='lat' dir='ltr'>explained</span> <span class='ocrx_word' id='word_1_267' title='bbox 1189 2828 1254 2888; x_wconf 85' lang='lat' dir='ltr'>by</span> <span class='ocrx_word' id='word_1_268' title='bbox 1350 2828 1566 2878; x_wconf 80' lang='lat' dir='ltr'><strong>Timoer.</strong></span> <span class='ocrx_word' id='word_1_269' title='bbox 1589 2844 1637 2890; x_wconf 91' lang='lat' dir='ltr'>p.</span> <span class='ocrx_word' id='word_1_270' title='bbox 1666 2831 1759 2880; x_wconf 82' lang='lat'>711</span> <span class='ocrx_word' id='word_1_271' title='bbox 1781 2833 1806 2890; x_wconf 69' lang='grc' dir='ltr'><strong>ς</strong></span> <span class='ocrx_word' id='word_1_272' title='bbox 1826 2833 1905 2883; x_wconf 83' lang='grc'>37.</span> 
     </span>
     <span class='ocr_line' id='line_1_32' title="bbox 364 2894 2239 2955; baseline 0.002 -11"><span class='ocrx_word' id='word_1_273' title='bbox 364 2894 605 2944; x_wconf 80' lang='lat' dir='ltr'><strong>Sohaefer</strong></span> <span class='ocrx_word' id='word_1_274' title='bbox 639 2895 769 2955; x_wconf 85' lang='lat' dir='ltr'><strong>App.</strong></span> <span class='ocrx_word' id='word_1_275' title='bbox 805 2894 929 2942; x_wconf 81' lang='lat' dir='ltr'><strong>Crit.</strong></span> <span class='ocrx_word' id='word_1_276' title='bbox 968 2907 1025 2940; x_wconf 92' lang='lat'><strong>11.</strong></span> <span class='ocrx_word' id='word_1_277' title='bbox 1070 2906 1122 2953; x_wconf 91' lang='lat' dir='ltr'>p.</span> <span class='ocrx_word' id='word_1_278' title='bbox 1157 2894 1253 2940; x_wconf 85' lang='grc'>510</span> <span class='ocrx_word' id='word_1_279' title='bbox 1415 2895 1578 2952; x_wconf 66' lang='grc' dir='ltr'><strong>ἕ332.</strong></span> <span class='ocrx_word' id='word_1_280' title='bbox 1635 2894 1759 2941; x_wconf 80' lang='lat' dir='ltr'><strong>This</strong></span> <span class='ocrx_word' id='word_1_281' title='bbox 1777 2909 1986 2955; x_wconf 75' lang='lat' dir='ltr'><strong>passage</strong></span> <span class='ocrx_word' id='word_1_282' title='bbox 2000 2897 2102 2946; x_wconf 85' lang='lat' dir='ltr'><strong>and</strong></span> <span class='ocrx_word' id='word_1_283' title='bbox 2113 2897 2239 2947; x_wconf 86' lang='lat' dir='ltr'><strong>Mid.</strong></span> 
     </span>
     <span class='ocr_line' id='line_1_33' title="bbox 362 2956 2242 3021; baseline 0.003 -14"><span class='ocrx_word' id='word_1_284' title='bbox 362 2959 558 3021; x_wconf 69' lang='grc' dir='ltr'>πάρειμι</span> <span class='ocrx_word' id='word_1_285' title='bbox 578 2962 748 3020; x_wconf 80' lang='grc' dir='ltr'>Δίρκης</span> <span class='ocrx_word' id='word_1_286' title='bbox 768 2957 939 3017; x_wconf 81' lang='grc' dir='ltr'>νάματ’</span> <span class='ocrx_word' id='word_1_287' title='bbox 957 2956 1177 3015; x_wconf 77' lang='grc' dir='ltr'>Ἰσμήνης</span> <span class='ocrx_word' id='word_1_288' title='bbox 1209 2957 1249 3004; x_wconf 84' lang='lat'>0·</span> <span class='ocrx_word' id='word_1_289' title='bbox 1346 2970 1398 3018; x_wconf 86' lang='lat' dir='ltr'><strong>p.</strong></span> <span class='ocrx_word' id='word_1_290' title='bbox 1424 2959 1533 3017; x_wconf 88' lang='grc'>580,</span> <span class='ocrx_word' id='word_1_291' title='bbox 1562 2958 1656 3005; x_wconf 85' lang='grc'>581</span> <span class='ocrx_word' id='word_1_292' title='bbox 1679 2960 1704 3017; x_wconf 69' lang='grc' dir='ltr'><strong>ξ</strong></span> <span class='ocrx_word' id='word_1_293' title='bbox 1726 2959 1978 3010; x_wconf 87' lang='grc'>205-207</span> <span class='ocrx_word' id='word_1_294' title='bbox 2013 2975 2097 3009; x_wconf 78' lang='lat' dir='ltr'><strong>are</strong></span> <span class='ocrx_word' id='word_1_295' title='bbox 2128 2963 2242 3012; x_wconf 81' lang='lat' dir='ltr'><strong>well</strong></span> 
     </span>
     <span class='ocr_line' id='line_1_34' title="bbox 362 3020 2241 3084; baseline 0.002 -12"><span class='ocrx_word' id='word_1_296' title='bbox 362 3025 485 3083; x_wconf 80' lang='grc' dir='ltr'>ὕδωρ</span> <span class='ocrx_word' id='word_1_297' title='bbox 504 3024 630 3071; x_wconf 86' lang='lat' dir='ltr'><strong>Eur.</strong></span> <span class='ocrx_word' id='word_1_298' title='bbox 654 3022 837 3071; x_wconf 74' lang='lat' dir='ltr'><strong>Bacch.</strong></span> <span class='ocrx_word' id='word_1_299' title='bbox 867 3022 912 3070; x_wconf 88' lang='lat'><strong>5.</strong></span> <span class='ocrx_word' id='word_1_300' title='bbox 971 3022 1109 3069; x_wconf 86' lang='lat' dir='ltr'><strong>Here</strong></span> <span class='ocrx_word' id='word_1_301' title='bbox 1131 3022 1252 3084; x_wconf 72' lang='grc' dir='ltr'>πάρ·</span> <span class='ocrx_word' id='word_1_302' title='bbox 1342 3020 1937 3083; x_wconf 82' lang='lat' dir='ltr'><strong>worthoomparingwith</strong></span> <span class='ocrx_word' id='word_1_303' title='bbox 1948 3024 2241 3078; x_wconf 82' lang='lat' dir='ltr'><strong>eaehother.</strong></span> 
     </span>
     <span class='ocr_line' id='line_1_35' title="bbox 363 3083 2237 3149; baseline 0.002 -14"><span class='ocrx_word' id='word_1_304' title='bbox 363 3105 457 3145; x_wconf 87' lang='grc' dir='ltr'>ειμι</span> <span class='ocrx_word' id='word_1_305' title='bbox 492 3089 703 3149; x_wconf 65' lang='lat' dir='ltr'><strong>(adsum)</strong></span> <span class='ocrx_word' id='word_1_306' title='bbox 717 3108 762 3128; x_wconf 93' lang='lat'>=</span> <span class='ocrx_word' id='word_1_307' title='bbox 776 3086 890 3145; x_wconf 84' lang='grc' dir='ltr'>ἥκω,</span> <span class='ocrx_word' id='word_1_308' title='bbox 927 3085 1030 3133; x_wconf 85' lang='lat' dir='ltr'><strong>and</strong></span> <span class='ocrx_word' id='word_1_309' title='bbox 1057 3083 1252 3146; x_wconf 70' lang='grc' dir='ltr'>πάρειμι</span> <span class='ocrx_word' id='word_1_310' title='bbox 1349 3084 1457 3133; x_wconf 84' lang='lat' dir='ltr'>The</span> <span class='ocrx_word' id='word_1_311' title='bbox 1495 3085 1782 3133; x_wconf 77' lang='lat' dir='ltr'><strong>reluctanoe</strong></span> <span class='ocrx_word' id='word_1_312' title='bbox 1816 3087 1871 3134; x_wconf 79' lang='lat' dir='ltr'>of</span> <span class='ocrx_word' id='word_1_313' title='bbox 1913 3088 2147 3137; x_wconf 80' lang='lat' dir='ltr'><strong>Eubulus</strong></span> <span class='ocrx_word' id='word_1_314' title='bbox 2183 3094 2237 3139; x_wconf 87' lang='lat' dir='ltr'>to</span> 
     </span>
     <span class='ocr_line' id='line_1_36' title="bbox 363 3149 2241 3213; baseline 0.002 -13"><span class='ocrx_word' id='word_1_315' title='bbox 363 3152 555 3207; x_wconf 81' lang='grc' dir='ltr'>νάματα</span> <span class='ocrx_word' id='word_1_316' title='bbox 578 3150 760 3213; x_wconf 79' lang='lat' dir='ltr'><strong>(which</strong></span> <span class='ocrx_word' id='word_1_317' title='bbox 785 3149 949 3209; x_wconf 82' lang='lat' dir='ltr'><strong>might</strong></span> <span class='ocrx_word' id='word_1_318' title='bbox 970 3149 1100 3197; x_wconf 84' lang='lat' dir='ltr'><strong>have</strong></span> <span class='ocrx_word' id='word_1_319' title='bbox 1123 3149 1251 3196; x_wconf 87' lang='lat' dir='ltr'><strong>been</strong></span> <span class='ocrx_word' id='word_1_320' title='bbox 1348 3150 1433 3209; x_wconf 84' lang='lat' dir='ltr'>get</span> <span class='ocrx_word' id='word_1_321' title='bbox 1472 3163 1542 3209; x_wconf 92' lang='lat' dir='ltr'>up</span> <span class='ocrx_word' id='word_1_322' title='bbox 1580 3151 1635 3197; x_wconf 81' lang='lat' dir='ltr'>to</span> <span class='ocrx_word' id='word_1_323' title='bbox 1679 3149 1835 3210; x_wconf 80' lang='lat' dir='ltr'><strong>epeak</strong></span> <span class='ocrx_word' id='word_1_324' title='bbox 1871 3150 1928 3198; x_wconf 90' lang='lat' dir='ltr'>in</span> <span class='ocrx_word' id='word_1_325' title='bbox 1971 3151 2144 3202; x_wconf 69' lang='lat' dir='ltr'><strong>behall</strong></span> <span class='ocrx_word' id='word_1_326' title='bbox 2185 3156 2241 3204; x_wconf 72' lang='lat' dir='ltr'>of</span> 
     </span>
     <span class='ocr_line' id='line_1_37' title="bbox 361 3212 2242 3281; baseline 0.002 -18"><span class='ocrx_word' id='word_1_327' title='bbox 361 3214 630 3275; x_wconf 77' lang='lat' dir='ltr'><strong>expreseed.</strong></span> <span class='ocrx_word' id='word_1_328' title='bbox 651 3215 844 3274; x_wconf 70' lang='grc' dir='ltr'>πάρειμι</span> <span class='ocrx_word' id='word_1_329' title='bbox 864 3217 910 3263; x_wconf 76' lang='grc' dir='ltr'>ἐς</span> <span class='ocrx_word' id='word_1_330' title='bbox 932 3213 993 3276; x_wconf 83' lang='grc' dir='ltr'>ν.)</span> <span class='ocrx_word' id='word_1_331' title='bbox 1026 3213 1072 3260; x_wconf 83' lang='lat' dir='ltr'>is</span> <span class='ocrx_word' id='word_1_332' title='bbox 1105 3212 1252 3273; x_wconf 84' lang='lat' dir='ltr'><strong>justi·</strong></span> <span class='ocrx_word' id='word_1_333' title='bbox 1348 3212 1549 3272; x_wconf 82' lang='lat' dir='ltr'><strong>Midiae,</strong></span> <span class='ocrx_word' id='word_1_334' title='bbox 1596 3212 1793 3273; x_wconf 83' lang='lat' dir='ltr'><strong>though</strong></span> <span class='ocrx_word' id='word_1_335' title='bbox 1840 3214 2242 3281; x_wconf 78' lang='lat' dir='ltr'><strong>importunately</strong></span> 
     </span>
     <span class='ocr_line' id='line_1_38' title="bbox 361 3276 2239 3340; baseline 0.003 -14"><span class='ocrx_word' id='word_1_336' title='bbox 361 3278 464 3327; x_wconf 85' lang='lat' dir='ltr'>fied</span> <span class='ocrx_word' id='word_1_337' title='bbox 481 3278 548 3340; x_wconf 82' lang='lat' dir='ltr'>by</span> <span class='ocrx_word' id='word_1_338' title='bbox 562 3278 698 3340; x_wconf 80' lang='lat' dir='ltr'><strong>Cycl.</strong></span> <span class='ocrx_word' id='word_1_339' title='bbox 716 3279 795 3338; x_wconf 85' lang='lat'>95,</span> <span class='ocrx_word' id='word_1_340' title='bbox 820 3278 924 3335; x_wconf 87' lang='grc'>105,</span> <span class='ocrx_word' id='word_1_341' title='bbox 946 3276 1049 3326; x_wconf 85' lang='lat' dir='ltr'><strong>and</strong></span> <span class='ocrx_word' id='word_1_342' title='bbox 1063 3277 1249 3328; x_wconf 80' lang='lat' dir='ltr'><strong>Electr.</strong></span> <span class='ocrx_word' id='word_1_343' title='bbox 1348 3276 1623 3337; x_wconf 82' lang='lat' dir='ltr'><strong>entreated‚</strong></span> <span class='ocrx_word' id='word_1_344' title='bbox 1644 3277 1792 3336; x_wconf 63' lang='lat'><strong>5206,</strong></span> <span class='ocrx_word' id='word_1_345' title='bbox 1809 3276 1893 3326; x_wconf 81' lang='lat' dir='ltr'>hie</span> <span class='ocrx_word' id='word_1_346' title='bbox 1909 3280 2166 3330; x_wconf 79' lang='lat' dir='ltr'><strong>readiness</strong></span> <span class='ocrx_word' id='word_1_347' title='bbox 2182 3286 2239 3331; x_wconf 85' lang='lat' dir='ltr'>to</span> 
     </span>
     <span class='ocr_line' id='line_1_39' title="bbox 364 3340 2238 3404; baseline 0.001 -14"><span class='ocrx_word' id='word_1_348' title='bbox 364 3344 490 3392; x_wconf 85' lang='lat'>1278</span> <span class='ocrx_word' id='word_1_349' title='bbox 506 3343 764 3391; x_wconf 72' lang='grc' dir='ltr'>Ναυπλίαν</span> <span class='ocrx_word' id='word_1_350' title='bbox 778 3345 956 3402; x_wconf 80' lang='grc' dir='ltr'>παρών.</span> <span class='ocrx_word' id='word_1_351' title='bbox 1001 3341 1252 3389; x_wconf 78' lang='lat' dir='ltr'><strong>Iamsur-</strong></span> <span class='ocrx_word' id='word_1_352' title='bbox 1348 3340 1497 3401; x_wconf 81' lang='lat' dir='ltr'>bring</span> <span class='ocrx_word' id='word_1_353' title='bbox 1527 3354 1649 3388; x_wconf 84' lang='lat' dir='ltr'>men</span> <span class='ocrx_word' id='word_1_354' title='bbox 1683 3344 1737 3388; x_wconf 77' lang='lat' dir='ltr'>to</span> <span class='ocrx_word' id='word_1_355' title='bbox 1772 3342 1905 3402; x_wconf 75' lang='lat' dir='ltr'><strong>trial,</strong></span> <span class='ocrx_word' id='word_1_356' title='bbox 1945 3347 1971 3403; x_wconf 65' lang='grc' dir='ltr'><strong>ἓ</strong></span> <span class='ocrx_word' id='word_1_357' title='bbox 2001 3346 2114 3404; x_wconf 85' lang='grc'>207,</span> <span class='ocrx_word' id='word_1_358' title='bbox 2152 3361 2238 3397; x_wconf 81' lang='lat' dir='ltr'><strong>are</strong></span> 
     </span>
     <span class='ocr_line' id='line_1_40' title="bbox 360 3403 2239 3470; baseline 0.004 -17"><span class='ocrx_word' id='word_1_359' title='bbox 360 3406 533 3467; x_wconf 75' lang='lat' dir='ltr'><strong>prised</strong></span> <span class='ocrx_word' id='word_1_360' title='bbox 568 3409 623 3454; x_wconf 91' lang='lat' dir='ltr'>to</span> <span class='ocrx_word' id='word_1_361' title='bbox 656 3405 767 3454; x_wconf 88' lang='lat' dir='ltr'>find</span> <span class='ocrx_word' id='word_1_362' title='bbox 801 3405 859 3454; x_wconf 91' lang='lat' dir='ltr'>in</span> <span class='ocrx_word' id='word_1_363' title='bbox 892 3404 1071 3453; x_wconf 82' lang='lat' dir='ltr'><strong>Aeseh.</strong></span> <span class='ocrx_word' id='word_1_364' title='bbox 1111 3406 1246 3465; x_wconf 84' lang='lat' dir='ltr'><strong>Sept.</strong></span> <span class='ocrx_word' id='word_1_365' title='bbox 1349 3404 1522 3465; x_wconf 85' lang='lat' dir='ltr'><strong>points</strong></span> <span class='ocrx_word' id='word_1_366' title='bbox 1558 3403 1725 3452; x_wconf 82' lang='lat' dir='ltr'><strong>which</strong></span> <span class='ocrx_word' id='word_1_367' title='bbox 1757 3407 2087 3470; x_wconf 74' lang='lat' dir='ltr'><strong>particularly</strong></span> <span class='ocrx_word' id='word_1_368' title='bbox 2117 3410 2239 3461; x_wconf 81' lang='lat' dir='ltr'><strong>bear</strong></span> 
     </span>
     <span class='ocr_line' id='line_1_41' title="bbox 361 3467 2238 3532; baseline 0.004 -15"><span class='ocrx_word' id='word_1_369' title='bbox 361 3472 458 3521; x_wconf 78' lang='lat'>373</span> <span class='ocrx_word' id='word_1_370' title='bbox 493 3473 580 3519; x_wconf 83' lang='grc' dir='ltr'>εΐσ’</span> <span class='ocrx_word' id='word_1_371' title='bbox 622 3468 901 3532; x_wconf 72' lang='grc' dir='ltr'>ἀρτίκολλον</span> <span class='ocrx_word' id='word_1_372' title='bbox 929 3468 1157 3516; x_wconf 82' lang='lat' dir='ltr'><strong>retained</strong></span> <span class='ocrx_word' id='word_1_373' title='bbox 1193 3469 1251 3516; x_wconf 89' lang='lat' dir='ltr'>in</span> <span class='ocrx_word' id='word_1_374' title='bbox 1348 3482 1489 3528; x_wconf 85' lang='lat' dir='ltr'><strong>upon</strong></span> <span class='ocrx_word' id='word_1_375' title='bbox 1516 3467 1621 3515; x_wconf 82' lang='lat' dir='ltr'><strong>this</strong></span> <span class='ocrx_word' id='word_1_376' title='bbox 1646 3482 1873 3530; x_wconf 74' lang='lat' dir='ltr'><strong>passage.</strong></span> <span class='ocrx_word' id='word_1_377' title='bbox 1940 3471 2238 3532; x_wconf 77' lang='lat' dir='ltr'><strong>Hegesileos</strong></span> 
     </span>
     <span class='ocr_line' id='line_1_42' title="bbox 361 3531 2238 3600; baseline 0.002 -19"><span class='ocrx_word' id='word_1_378' title='bbox 361 3534 674 3585; x_wconf 78' lang='lat' dir='ltr'><strong>Hermaun&#39;s</strong></span> <span class='ocrx_word' id='word_1_379' title='bbox 746 3533 1083 3595; x_wconf 79' lang='lat' dir='ltr'><strong>posthumous</strong></span> <span class='ocrx_word' id='word_1_380' title='bbox 1147 3531 1248 3581; x_wconf 86' lang='lat' dir='ltr'><strong>edi-</strong></span> <span class='ocrx_word' id='word_1_381' title='bbox 1350 3531 1460 3593; x_wconf 88' lang='lat' dir='ltr'><strong>(the</strong></span> <span class='ocrx_word' id='word_1_382' title='bbox 1488 3531 1627 3580; x_wconf 78' lang='lat' dir='ltr'><strong>Attio</strong></span> <span class='ocrx_word' id='word_1_383' title='bbox 1659 3546 1811 3580; x_wconf 85' lang='lat' dir='ltr'><strong>name</strong></span> <span class='ocrx_word' id='word_1_384' title='bbox 1844 3537 2238 3600; x_wconf 81' lang='lat' dir='ltr'><strong>corresponding</strong></span> 
     </span>
     <span class='ocr_line' id='line_1_43' title="bbox 360 3595 2237 3661; baseline 0.002 -15"><span class='ocrx_word' id='word_1_385' title='bbox 360 3597 488 3647; x_wconf 83' lang='lat' dir='ltr'><strong>tion.</strong></span> <span class='ocrx_word' id='word_1_386' title='bbox 1346 3599 1402 3644; x_wconf 85' lang='lat' dir='ltr'>to</span> <span class='ocrx_word' id='word_1_387' title='bbox 1436 3595 1525 3644; x_wconf 81' lang='lat' dir='ltr'>the</span> <span class='ocrx_word' id='word_1_388' title='bbox 1559 3595 1776 3656; x_wconf 84' lang='lat' dir='ltr'><strong>Spartan</strong></span> <span class='ocrx_word' id='word_1_389' title='bbox 1814 3599 2096 3661; x_wconf 61' lang='lat' dir='ltr'>Aquilam)</span> <span class='ocrx_word' id='word_1_390' title='bbox 2133 3617 2237 3650; x_wconf 76' lang='lat' dir='ltr'><strong>was</strong></span> 
     </span>
     <span class='ocr_line' id='line_1_44' title="bbox 430 3659 2237 3723; baseline 0.002 -12"><span class='ocrx_word' id='word_1_391' title='bbox 430 3662 590 3723; x_wconf 63' lang='lat'><strong>3331.</strong></span> <span class='ocrx_word' id='word_1_392' title='bbox 661 3664 705 3712; x_wconf 82' lang='grc' dir='ltr'>εἰ</span> <span class='ocrx_word' id='word_1_393' title='bbox 738 3662 823 3723; x_wconf 80' lang='grc' dir='ltr'>τῆς</span> <span class='ocrx_word' id='word_1_394' title='bbox 862 3661 1046 3711; x_wconf 75' lang='grc' dir='ltr'>πόλεως</span> <span class='ocrx_word' id='word_1_395' title='bbox 1086 3661 1250 3722; x_wconf 85' lang='grc' dir='ltr'>κ.τ.λ.]</span> <span class='ocrx_word' id='word_1_396' title='bbox 1347 3659 1548 3722; x_wconf 72' lang='lat' dir='ltr'><strong>general</strong></span> <span class='ocrx_word' id='word_1_397' title='bbox 1588 3660 1646 3709; x_wconf 81' lang='lat' dir='ltr'>in</span> <span class='ocrx_word' id='word_1_398' title='bbox 1693 3660 1902 3712; x_wconf 82' lang='lat' dir='ltr'><strong>Euboea</strong></span> <span class='ocrx_word' id='word_1_399' title='bbox 1947 3664 2094 3713; x_wconf 82' lang='lat' dir='ltr'><strong>when</strong></span> <span class='ocrx_word' id='word_1_400' title='bbox 2145 3665 2237 3716; x_wconf 76' lang='lat' dir='ltr'>tho</span> 
     </span>
    </p>
   </div>
  </div>
 </body>
</html>
