2667 4142
781 193 900 258 DE
956 195 1239 260 FALSA
1297 195 1824 261 LEGATIONE.
2157 200 2239 262 33

369 345 785 426 ἀδικημάτων,
834 348 908 413 τὸ
953 349 1063 414 τὸν
1110 346 1449 414 Φίλιππον
1500 350 1849 428 ἐπιστῆσαι
1900 353 2035 419 τοῖς
2076 347 2241 433 πρά·

367 471 572 526 γμασι
596 445 849 526 τούτοις,
874 449 981 512 καὶ
1005 448 1139 512 δέον
1161 447 1318 530 ὑμᾶς
1342 448 1609 514 ἀκοῦσαι
1633 449 1778 531 περὶ
1801 452 1927 514 τῶν
1947 448 2240 533 πραγμά-

368 572 511 626 των,
545 546 679 612 εἶτα
711 549 1210 626 βουλεύσασθαι,
1241 549 1405 629 μετὰ
1444 554 1646 615 ταῦτα
1680 549 1748 614 δὲ
1782 550 2088 635 πράττειν
2117 548 2149 614 ὅ
2179 575 2242 614 τι

369 646 561 728 δόξαι,
611 647 743 728 ἅμα
789 648 1032 713 ἀκούειν
1077 648 1362 714 κάκεῖνον
1389 645 1702 733 ’παρεῖναι
1752 651 1860 715 καὶ
1907 649 2050 732 μηδ’
2097 650 2130 715 ὅ
2175 676 2241 717 τι

267 770 341 825 39
370 749 494 834 χρὴ
533 756 736 815 ποιεῖν
769 750 985 837 ῥᾴδιον
1024 751 1221 816 εἰπεῖν
1258 751 1655 840 εἶναι-πρὸς
1686 752 1754 817 δὲ
1783 752 2023 822 τούτοις
2054 756 2236 818 τοῦτο
2262 771 2336 834 35

365 852 480 931 μὲν
537 850 732 921 οὐδεὶς
788 852 1022 932 ἀνέγνω
1081 856 1171 939 τῷ
1225 853 1400 939 δήμῳ
1458 856 1530 919 τὸ
1586 855 2058 939 προβούλευμα,
2111 852 2234 920 οὐδ’

363 953 631 1030 ἤκουσεν
669 952 678 1040 Ι
717 955 748 1018 ὁ
791 953 998 1035 δῆμος,
1032 954 1309 1024 ἀναστὰς
1349 954 1400 1018 δ’
1438 954 1615 1026 οὗτος
1656 954 2024 1041 ἐδημηγόρει
2062 953 2237 1021 ταῦθ’
2270 972 2389 1036 352

364 1052 408 1117 ἃ
435 1055 761 1139 διεξῆλθον
784 1058 926 1141 ὅρτι
956 1056 1111 1138 πρὸς
1141 1056 1299 1138 ὑμᾶς
1329 1057 1469 1138 ἐγώ,
1495 1059 1576 1122 τὰ
1603 1057 1827 1123 πολλὰ
1853 1058 1960 1122 καὶ
1986 1059 2240 1141 μεγάλα

364 1156 589 1240 ἀγαθά,
636 1156 680 1222 ἃ
722 1157 1030 1228 πεπεικὼς
1075 1159 1196 1246 ἔφη
1242 1156 1349 1222 τὸν
1392 1159 1730 1225 Φίλιππον
1770 1158 1944 1240 ἦκειν
1986 1160 2093 1225 καὶ
2136 1159 2241 1224 διὰ

362 1264 547 1324 τοῦτο
591 1259 865 1346 χρήμαθ’
909 1261 1107 1347 ἑαυτῷ
1148 1258 1290 1328 τοὺς
1334 1260 1660 1341 Θηβαίους
1702 1260 2236 1347 ἐπικεκηρυχέναι.

364 1359 513 1425 ὥσθ’
544 1360 702 1442 ὑμᾶς
739 1362 1291 1445 ἐκπεπληγμένους
1319 1367 1399 1447 τῇ
1431 1364 1752 1452 παρουσίᾳ
1779 1363 1852 1428 τὸ
1880 1369 2131 1447 πρῶτον
2158 1368 2236 1447 τῇ

361 1468 473 1528 τοῦ
524 1464 880 1540 Φιλίππου,
930 1466 1037 1530 καὶ
1086 1465 1326 1535 τούτοις
1380 1463 1805 1552 ὀργιζομένους
1859 1466 1966 1530 ε’πὶ
2016 1469 2105 1551 τῷ
2147 1465 2237 1547 μὴ

361 1566 875 1647 προηγγελκέναι,
915 1567 1296 1652 πραοτέρους
1347 1569 1642 1651 γενέσθαι
1692 1568 1872 1646 τινός,
1908 1567 2098 1634 πάνθ’
2136 1568 2232 1640 Zer'

360 1665 693 1744 ἐβούλεσθ’
751 1665 898 1749 ὑμῖν
955 1669 1217 1734 ἔσεσθαι
1273 1667 1854 1755 προσδοκήσαντας,
1912 1670 2019 1734 καὶ
2076 1668 2234 1751 μηδὲ

359 1815 409 1864 S.
426 1813 487 1864 Y.
505 1830 547 1864 r.
572 1815 654 1865 Al.
680 1815 762 1864 ΑΩ.

363 1879 651 1928 “Fortasse
685 1880 954 1940 legendum
984 1885 1162 1942 χρείη”
1192 1881 1359 1928 Bam.
1419 1881 1641 1928 Omnino
1676 1883 1816 1942 χρείη
1850 1885 1941 1930 aut
1974 1900 2087 1944 χρη.
2155 1885 2223 1933 In

357 1943 484 1991 Plat.
503 1943 648 2004 Apol.
671 1943 787 1993 init.
813 1944 1087 2005 reponend.
1106 1947 1201 2005 χρὴ
1228 1960 1274 2005 q.
1302 1945 1495 1994 habent
1516 1945 1735 1993 Bekkeri
1755 1948 1861 1995 tres
1878 1947 2035 1997 Codd.
2065 1947 2222 2011 (unus

356 2020 417 2056 ex
437 2007 582 2070 corr.)
610 2009 728 2069 [χρὴ
749 2008 919 2056 Vomr.
934 2009 1101 2056 anss.
1128 2011 1212 2070 st.]

449 2074 474 2132 ἓ
506 2074 583 2124 39.
654 2072 799 2122 τοῦτο
824 2072 876 2124 S.
902 2072 965 2122 Y.
1017 2073 1170 2133 vulgo
1200 2073 1371 2122 ταῦτα.
1429 2075 1864 2136 προσηγγελκέναι.
1897 2073 1949 2123 S.
1964 2074 2005 2126 t.
2028 2090 2080 2124 n.
2099 2091 2148 2125 v.
2163 2075 2224 2126 B.

1648 2153 1676 2176 a

827 1819 924 1879 χρῆ
968 1832 1009 1865 s,
1059 1820 1155 1878 χρὴ
1198 1815 1367 1878 recepi
1410 1831 1527 1864 cum
1570 1817 1724 1867 Dmn.
1776 1819 1827 1864 et
1881 1818 1980 1867 En.
2038 1818 2218 1870 Temo.

354 2185 475 2299 Mczx
509 2200 604 2247 pro
639 2187 760 2236 τινὸς
794 2185 1028 2235 certatim
1067 2186 1322 2248 corrigunt
1357 2184 1505 2237 τινας.
1572 2205 1695 2237 τινος
1731 2188 1787 2238 O.
1848 2189 1977 2239 τινας
1996 2203 2040 2237 r.
2106 2188 2216 2240 Vid.

353 2264 420 2298 no
448 2283 462 2302 .

353 2376 533 2425 should
555 2378 648 2425 not
682 2375 745 2423 be
767 2390 866 2437 any
896 2389 1015 2437 easy
1035 2377 1233 2433 matter,

355 2441 818 2501 ὣο.”-ἐπιστῆσαι]
874 2440 1088 2488 Consult
1116 2444 1235 2487 note

355 2520 419 2553 on
439 2520 489 2567 p.
515 2506 611 2552 444
633 2509 658 2565 §
692 2505 800 2561 371,
827 2504 929 2551 and
966 2517 1127 2565 comp.
1173 2502 1235 2553 de

353 2569 531 2618 Coron.
554 2583 606 2630 p.
631 2568 724 2617 236
747 2571 771 2627 ἓ
792 2570 872 2616 32.

413 2635 540 2694 ς39.
608 2636 723 2695 πρὸς
762 2635 814 2680 δὲ
855 2631 1036 2681 τούτοις
1068 2631 1233 2679 would

350 2696 477 2745 have
512 2697 642 2746 been
678 2695 892 2744 omitted
923 2696 1014 2746 but
1039 2696 1118 2743 for
1145 2696 1234 2744 the

351 2761 618 2821 preceding
654 2761 838 2820 abrupt
890 2760 1226 2820 parenthesis,

348 2825 435 2872 the
479 2824 694 2885 original
731 2823 1033 2871 connection
1061 2824 1113 2871 of
1143 2822 1233 2871 the

348 2902 560 2949 passage
599 2889 750 2947 being
771 2888 902 2935 this:
940 2888 1024 2946 τῆς
1057 2889 1093 2936 δ’
1129 2890 1228 2936 ἐκκ.

348 2970 395 3012 γ.
417 2956 492 3001 καὶ
511 2957 594 3001 τοῦ
615 2956 672 3000 Φ.
690 2971 802 3011 παρ.
823 2953 964 3000 τοῦτο
979 2954 1064 3008 μὲν
1085 2955 1229 3000 κ.τ.λ.

350 3017 541 3077 (Comp.
585 3016 813 3074 Thucyd.
851 3030 916 3063 Π.
957 3017 1048 3063 132
1093 3016 1229 3077 ἐτύγ-

349 3099 463 3139 χανε
488 3080 678 3142 γαῖρ...ὁ
700 3084 751 3129 δὲ
767 3082 1067 3141 Περδίκκας.)
1102 3081 1228 3128 Voe-

346 3144 489 3193 mel’s
550 3144 887 3192 “infinitivus
941 3144 1230 3192 exclamati-

348 3222 439 3257 vus
455 3211 485 3234 '⁹
503 3210 680 3272 (fancy
701 3210 1035 3269 theirputtiny
1052 3210 1231 3269 Philip

349 3280 402 3320 at
444 3275 524 3321 the
571 3274 699 3321 head
738 3275 796 3336 of
833 3274 1226 3334 affairs...fancy

348 3350 471 3396 your
506 3338 927 3399 hearinq...fancy
952 3338 997 3383 it
1030 3343 1118 3385 not
1155 3339 1226 3384 be-

346 3402 430 3459 iny
453 3415 569 3463 easy
587 3438 598 3449 .
618 3435 631 3449 .
656 3401 686 3461 .)
713 3414 876 3448 seems
916 3402 969 3447 to
1006 3414 1090 3447 me
1126 3400 1227 3448 sin·

348 3466 539 3526 gularly
560 3467 650 3513 out
672 3465 725 3513 of
744 3464 887 3525 place
909 3464 1044 3512 here.

409 3531 517 3578 352.
584 3531 710 3589 539.
750 3531 1228 3590 πραοτέρους......τι-

348 3591 536 3721 {2329}ss
550 3594 727 3706 Mf¹30
744 3592 875 3705 ἓξὲξ
888 3591 1226 3705 1332.ss

511 3770 558 3817 S.
606 3769 767 3817 DEM.

1338 2375 1583 2437 precisely
1591 2376 1801 2436 parallel
1812 2376 2012 2438 phrase.
2036 2384 2069 2407 ‘⁶
2082 2379 2223 2429 More

1339 2440 1467 2487 than
1491 2455 1591 2500 any
1613 2440 1796 2500 thing'’
1821 2441 1867 2489 is
1889 2443 2089 2505 usually
2110 2459 2221 2492 ren-

1339 2504 1491 2552 dered
1517 2503 1575 2552 in
1598 2505 1764 2552 Greek
1791 2505 1858 2566 by
1875 2506 2016 2565 ἦττον
2046 2506 2221 2558 οὐδενὸς

1342 2568 1450 2628 (less
1491 2570 1613 2616 than
1654 2570 1879 2633 nothiny)
1927 2571 2029 2618 and
2072 2586 2128 2620 so
2164 2571 2219 2619 in

1336 2631 1426 2679 the
1450 2646 1563 2680 case
1586 2632 1640 2679 of
1662 2633 1858 2681 similar
1881 2635 2214 2694 expressions.

1339 2695 1561 2756 Thucyd.
1583 2710 1673 2745 vn.
1703 2699 1764 2747 29
1781 2698 1877 2745 has
1898 2713 1929 2746 a
1943 2699 2220 2762 singular-ly

1335 2760 1533 2808 worded
1576 2762 1833 2810 sentence:
1884 2765 1960 2812 καὶ
2004 2766 2216 2826 ξυμφοραὶ

1335 2827 1400 2884 τῇ
1423 2824 1560 2872 πόλει
1580 2823 1718 2886 πάσῃ
1741 2827 1998 2884 οὐδεμιᾶς
2029 2827 2218 2886 ἥσσων

1335 2891 1565 2945 μᾶλλον
1619 2892 1814 2950 ἑτέρας
1869 2889 2095 2947 ἀδόκητός
2161 2911 2216 2941 τε

1335 2951 1569 3001 ἐπέπεσεν
1605 2954 1725 3012 αὕτη
1759 2957 1837 3003 καὶ
1882 2953 2021 3012 δεινή.
2078 2956 2214 3004 Here

1335 3031 1431 3063 one
1468 3016 1635 3065 would
1663 3016 1885 3077 imagine
1906 3021 2092 3076 μᾶλλον
2112 3021 2211 3068 ἑτέ-

1333 3083 1485 3142 pasto
1517 3081 1579 3128 be
1610 3096 1640 3129 a
1662 3082 1822 3141 gloss:
1854 3081 1947 3129 but
1970 3097 2040 3130 we
2063 3084 2213 3143 again

1332 3144 1442 3192 find
1464 3159 1496 3193 1.
1523 3146 1615 3193 138
1637 3146 1696 3203 ἦν
1714 3146 1809 3207 γὰρ
1831 3146 1856 3193 ὁ
1891 3148 2215 3207 Θεμιστοκλῆς

1330 3207 1628 3271 βεβαιότατα
1645 3212 1702 3268 δὴ
1738 3212 1921 3270 φύσεως
1959 3213 2098 3271 ἰσχὺν
2134 3216 2209 3269 δη·

1332 3276 1508 3331 λώσας,
1541 3275 1619 3321 καὶ
1668 3274 2046 3335 διαφερόντως
2085 3293 2132 3323 τι
2165 3279 2211 3326 ἐς

1333 3336 1449 3385 αὐτὸ
1471 3338 1696 3395 μᾶλλον
1718 3339 1914 3399 ἑτέρου
1937 3337 2065 3398 ἄξιος
2098 3342 2209 3388 θαυ-

1329 3403 1495 3459 μάσαι,
1519 3400 1622 3459 and
1644 3415 1712 3448 IV.
1732 3404 1761 3449 3
1784 3405 1854 3461 τῷ
1876 3405 1925 3450 δὲ
1939 3403 2211 3465 διάφορόν

1329 3483 1376 3512 τι
1420 3465 1569 3513 ἐδόκει
1623 3468 1738 3513 εἶναι
1776 3468 1916 3514 τοῦτο
1953 3470 2009 3515 τὸ
2041 3471 2210 3528 χωρίον

1331 3527 1534 3590 ἑτέρου
1568 3529 1818 3584 μᾶλλον.
1890 3529 2062 3591 Comp.
2100 3531 2209 3578 also

1328 3592 1473 3640 Dem.
1504 3592 1625 3641 de.
1655 3608 1703 3654 p.
1733 3593 1828 3641 536
1865 3596 1892 3653 ἓ
1933 3594 1994 3642 66
2024 3596 2211 3653 ἄμεινον

1334 3656 1530 3717 ...remig
1573 3656 1675 3705 and
1711 3657 1938 3719 Thucyd.
1959 3672 2030 3709 v1.
2070 3658 2132 3707 16
2170 3662 2216 3708 εἴ

1998 3758 2037 3819 3
