2667 4142
229 991 338 1049 355

777 194 898 257 DE
956 194 1237 259 FALSA
1293 195 1817 263 LEGATIONE.
2116 199 2239 264 251

366 348 559 424 κότος,
608 346 719 412 καὶ
768 347 849 412 τὰ
894 348 1118 414 παιδία
1152 350 1316 418 ,ἴσως
1362 349 1632 437 παράξει
1674 350 1781 416 καὶ
1827 350 2243 431 ἁναβιβᾶται.

365 448 536 528 ὑμεῖς
577 447 629 513 δ’
661 449 1045 530 ἐνθυμεῖσθε,
1093 448 1141 514 ὦ
1184 448 1401 534 ἄνδρες
1445 450 1759 531 δικασταί,
1804 455 1962 539 πρὸς
2002 454 2120 536 μὲν
2161 457 2245 519 τὰ

363 549 586 615 τούτου
635 551 879 630 παιδία,
932 550 1031 617 ὅτι
1075 556 1342 617 πολλῶν
1388 554 1744 641 συμμάχων
1781 554 2095 642 ὑμετέρων
2135 561 2242 622 καὶ

365 656 572 735 φίλων
606 652 824 722 παῖδες
860 653 1140 718 ἀλῶνται
1169 653 1274 718 καὶ
1303 655 1556 741 πτωχοὶ
1594 655 2035 741 περιέρχονται
2075 656 2245 721 δεινὰ

364 754 747 826 πεπονθότες
778 755 881 819 διὰ
907 761 1145 833 τοῦτον,
1183 756 1286 827 οὓς
1327 758 1524 823 ἐλεεῖν
1557 763 1788 845 πολλῷ
1815 763 2069 841 μᾶλλον
2097 758 2242 839 ὑμῖν

365 853 543 936 ἄξιον
591 854 631 935 ἢ
684 856 825 925 τοὺς
875 861 988 921 τοῦ
1043 862 1306 922 τοιαῦτα
1351 855 1716 937 ἠδικηκότος
1767 859 1873 923 καὶ
1929 858 2241 944 προδότου

366 955 620 1044 πατρός,
643 958 751 1023 καὶ
786 956 884 1024 ὅτι
911 959 1052 1029 τοὺς
1081 958 1411 1045 ὑμετέρους
1438 959 1669 1030 παῖδας
1698 959 1889 1040 οὗτοι,
1930 961 2051 1026 καὶ
2089 967 2241 1031 τοῖς

366 1061 702 1142 ἐγγόνοις
755 1062 1296 1147 προσγράψαντες
1348 1062 1434 1132 εἰς
1487 1063 1601 1143 τὴν
1652 1063 1910 1147 εἰρήνην,
1962 1064 2068 1129 καὶ
2117 1068 2248 1130 τῶν

365 1163 642 1229 ἐλπίδων
681 1162 1369 1250 ἀπεστερήκασι,,πρὸς
1409 1164 1477 1228 δὲ
1522 1164 1605 1229 τὰ
1643 1165 1844 1230 αὐτοῦ’
1874 1165 2098 1231 τούτου
2135 1166 2240 1230 δά-

365 1290 541 1351 κρυα.
578 1263 676 1331 ὅτι
717 1268 827 1355 νῦν
870 1266 1050 1353 ἔχετε
1092 1265 1442 1351 ἄνθρωπον,
1490 1263 1553 1336 ὃς
1598 1264 1682 1337 εἰς
1725 1266 2067 1354 Ἀρκαδίαν
2111 1268 2244 1333 ἐκέ·

365 1484 438 1529 am
459 1482 589 1529 teste
609 1479 882 1542 Lambino]
901 1485 976 1531 em.
1006 1479 1088 1529 Al.
1146 1480 1227 1529 Sic
1250 1481 1396 1530 Auct.
1421 1480 1597 1530 Neaer.
1618 1496 1668 1543 p.
1690 1483 1856 1543 13575
1878 1485 1940 1531 38
1965 1486 2235 1533 κλαύσοιτο.

369 1546 471 1594 Sed
507 1547 722 1594 alteram
751 1546 971 1593 formam
1003 1545 1225 1606 praefert
1263 1546 1463 1593 Noster.
1531 1546 1750 1605 κλαιήσει
1783 1547 1906 1595 Mid.
1930 1562 1979 1608 p.
2007 1550 2102 1597 546
2124 1553 2150 1610 5
2175 1551 2237 1599 99

364 1610 510 1657 nulla
544 1609 698 1657 Oodd.
731 1609 1088 1670 discrepantia.
1156 1609 1251 1657 Th.
1287 1610 1491 1670 Magist.
1529 1624 1580 1670 p.
1618 1610 1712 1659 536
1742 1614 2044 1672 Δημοσθένης
2082 1616 2133 1661 ἐν
2172 1613 2244 1674 τῷ

364 1677 475 1785 ἷξες
498 1676 902 1785 Ἔαρὲπρεσῧέίᾶἒς·
939 1676 1019 1722 καὶ
1039 1675 1103 1785 vid
1125 1676 1292 1722 παιδία
1322 1675 1986 1787 κλαήσεταιῆιέιῖῗῑιὲτίὓῗᾶ
2002 1677 2236 1790 ΐοτῒαὸεὲῗ.

410 1753 438 1785 ο
463 1752 516 1785 es
563 1753 590 1786 e
615 1752 721 1785 iam
871 1752 1029 1784 anum
1070 1752 1218 1786 ocum
1240 1752 1535 1799 respexisse.
1634 1754 1649 1786 1
1690 1777 1702 1789 .
1779 1754 1808 1786 o
1842 1755 1883 1787 r.
1987 1756 2031 1788 v.
2062 1755 2099 1789 1.
2218 1779 2229 1791 .

518 1803 865 1865 ἀναβιβάσεται
906 1802 1069 1850 voluit
1115 1802 1183 1849 H.
1231 1802 1405 1852 Wom.
1474 1802 1646 1851 Habet
1684 1803 1840 1864 Marg.
1894 1804 2062 1855 Lutet.
2138 1805 2238 1854 Sed

367 1865 587 1914 smmum
654 1871 686 1893 “
702 1866 912 1913 Errasse
960 1865 1202 1913 Wolfium
1256 1881 1395 1915 nunc
1443 1867 1524 1914 vel
1577 1867 1679 1915 tiro
1728 1866 1867 1917 sciat.
1935 1868 1994 1919 V.
2045 1869 2233 1918 Moeris

363 1940 415 1990 p.
465 1931 573 1986 124,
619 1943 844 1990 quaeque
885 1929 960 1977 ibi
1013 1930 1214 1989 collegit
1255 1931 1845 1980 Pierson.'’——†otafira
1890 1946 1991 1980 om.
2039 1933 2088 1984 S.
2133 1934 2230 1983 En.

366 1993 546 2042 Tumc.
569 1994 738 2042 ΒΕΚΚ.
762 1995 828 2042 st.
896 1993 1080 2041 τοιαῦτ’
1103 1994 1271 2042 Vomt.
1339 1996 1547 2045 τοσοῦτα
1579 1996 1673 2055 (sic
1705 2000 1755 2044 et
1784 1996 1943 2043 Bekk.
1977 1999 2029 2044 et
2057 1997 2235 2059 Dind.)

365 2058 425 2106 Y.
450 2058 509 2118 Q.
536 2058 591 2107 O.
620 2061 659 2106 t.
684 2072 732 2107 u.
762 2072 808 2106 v.
844 2058 904 2105 B.
972 2058 1118 2119 Supr.
1148 2059 1234 2106 τοῦ
1256 2073 1357 2107 om.
1381 2060 1439 2107 F.
1472 2060 1532 2109 Y.
1568 2059 1626 2107 Ο.
1658 2063 1695 2107 t.
1729 2075 1777 2110 u.
1810 2074 1857 2110 v,
1891 2061 1952 2109 B.
2007 2061 2239 2123 Denique

365 2123 643 2182 ἠδικηκότας
663 2121 720 2171 F.
746 2121 806 2169 O.
829 2124 868 2169 t.
892 2136 943 2170 u.
967 2136 1015 2170 v.
1039 2122 1098 2169 B.
1232 2123 1261 2182 ἢ
1285 2125 1393 2173 τοὺς
1414 2124 1624 2173 τοσαῦτα
1644 2124 1808 2171 Dona.

459 2187 625 2247 5355.
688 2190 767 2235 καὶ
817 2189 889 2234 ὅτι
934 2190 1040 2237 τοὺς
1085 2188 1329 2248 ὑμετέρους
1383 2201 1482 2237 om.
1530 2189 1583 2235 et
1625 2190 1742 2249 post
1788 2191 1961 2238 παῖδας
2003 2188 2116 2238 add.
2152 2190 2231 2240 οῦς

364 2247 413 2299 k.
441 2265 483 2301 r.
512 2265 549 2300 s.
574 2248 651 2299 Al.
724 2250 843 2297 Mox
863 2253 962 2300 τοῖς
986 2251 1189 2313 ἐκγόνοις
1209 2265 1388 2298 omnes
1410 2254 1609 2312 praeter
1630 2266 1682 2298 u.
1701 2251 1791 2313 qui
1813 2256 1999 2302 ἐκείνοις
2012 2253 2235 2314 praebet.

362 2314 602 2363 Editores
635 2314 854 2377 ἐκγόνοις.
926 2313 1040 2363 Vid.
1062 2313 1168 2375 ad5
1187 2316 1265 2363 53.
1333 2316 1453 2363 Mox
1469 2318 1559 2376 τὴν
1583 2316 1770 2377 εἰρήνην
1789 2318 2014 2378 plerique
2037 2331 2232 2379 omneS,

426 2516 452 2576 5
475 2513 588 2563 354.
642 2513 864 2577 παράξει]
925 2513 1131 2575 “Bring
1151 2514 1250 2562 for-
1352 2509 1461 2561 The
1495 2515 1731 2562 sentence
1752 2512 1920 2574 might
1950 2513 2080 2563 have
2112 2515 2244 2565 been'
2264 2513 2278 2526 '

361 2578 549 2628 ward.'’
616 2578 725 2626 The
759 2592 899 2630 more
934 2579 1086 2626 usual
1114 2577 1251 2626 word
1349 2576 1574 2625 worded:
1617 2580 1661 2626 ot
1704 2582 1839 2627 ἐλέου
1846 2617 1940 2629 .....
1969 2581 2072 2637 ὑμῖν
2104 2584 2242 2640 aava

360 2644 408 2691 is
451 2642 830 2705 παραστήσεται.
900 2642 1024 2691 Mid.
1061 2657 1109 2703 p.
1156 2643 1251 2692 546
1349 2654 1407 2687 or
1430 2644 1655 2702 οἳ...ἄξιοι
1679 2642 1841 2691 ἐλεεῖν.
1890 2643 1991 2690 For
2012 2643 2100 2692 the
2122 2659 2240 2692 con·

362 2710 388 2767 5
443 2708 523 2757 99.
608 2707 710 2754 For
763 2708 852 2754 the
908 2710 1109 2755 custom
1164 2721 1248 2754 see
1349 2705 1596 2753 struction
1618 2707 1670 2754 of
1703 2707 1829 2766 ἄξιος
1851 2720 1933 2755 see
1954 2707 2150 2756 Porson
2172 2723 2241 2757 on

360 2771 690 2822 Buttmann's
707 2774 843 2830 note,
872 2770 973 2818 and
1004 2770 1092 2818 the
1114 2773 1248 2818 most
1351 2768 1476 2816 Eur.
1500 2769 1626 2818 Hec.
1651 2772 1765 2829 309,
1800 2770 1965 2819 where
2003 2770 2242 2822 Schaefer

359 2835 501 2897 witty
553 2834 745 2896 parody
795 2834 853 2882 in
890 2834 1039 2883 Arist.
1092 2835 1242 2895 Vesp.
1351 2836 1528 2893 quotes
1557 2848 1588 2881 a
1611 2833 1888 2883 somewhat
1910 2835 2105 2883 similar
2124 2851 2240 2898 pas-

361 2898 456 2951 976
479 2902 595 2962 soll.
651 2898 825 2960 Gomp.
868 2899 976 2947 also
1009 2898 1104 2946 568
1130 2901 1245 2961 foll.
1349 2911 1465 2957 sage
1508 2898 1642 2945 from
1678 2899 1840 2950 Orest.
1893 2900 2017 2947 1151
2065 2904 2243 2951 πάσαις

357 2963 636 3012 Aeschines
656 2961 760 3010 had
777 2966 874 3010 two
892 2976 1010 3009 sons
1029 2961 1130 3010 and
1153 2976 1250 3010 one
1349 2965 1558 3023 γυναιξὶν
1574 2962 1681 3022 ἀξία
1706 2966 1901 3025 στυγεῖν
1922 2968 2024 3025 ἔφυ.
2057 2964 2233 3025 Gomp.

361 3027 609 3087 daughter
661 3030 687 3087 5
743 3026 835 3073 152
880 3041 928 3087 p.
985 3029 1048 3074 48
1106 3026 1177 3076 St.
1196 3048 1241 3069 =
1353 3026 1461 3073 also
1488 3026 1642 3087 Soph.
1674 3027 1793 3076 Oed.
1820 3026 1925 3077 Col.
1966 3028 2092 3076 1446
2125 3029 2240 3078 ‹ivd-

359 3092 458 3140 316
499 3091 559 3140 B.
642 3117 645 3118 ⁷
692 3092 901 3139 ἀλῶνται
940 3093 1022 3139 καὶ
1064 3093 1254 3151 πτωχοὶ
1351 3094 1446 3149 ξιαι
1482 3089 1582 3152 γὰρ
1624 3094 1774 3139 πᾶσιν
1814 3094 1928 3140 ἐστε
1971 3095 2236 3153 δυστυχεῖν,

362 3157 708 3218 περιέρχονται]
742 3155 801 3203 A.
842 3154 1079 3203 Schaefer
1115 3168 1251 3202 com·
1351 3154 1515 3202 where
1584 3154 1790 3203 Brunck
1845 3156 1948 3204 and
2012 3155 2242 3219 Elmsley

359 3234 508 3280 pares
534 3220 689 3280 Soph.
716 3217 841 3266 Oed.
865 3218 973 3267 Col.
991 3219 1088 3266 444
1122 3237 1250 3267 πτω-
1353 3218 1611 3280 strangely
1679 3219 2090 3268 misunderstood
2150 3221 2240 3270 the

358 3287 446 3345 χὸς
477 3286 676 3343 ἠλώμην
711 3285 821 3344 ἐγώ,
858 3282 982 3330 1363
1019 3285 1255 3341 ἀλώμενος
1353 3283 1540 3332 dative.
1629 3283 1738 3331 The
1792 3287 2028 3332 sentence
2071 3284 2240 3345 might

384 3349 393 3408 Ι
424 3349 598 3398 ἄλλους
620 3348 802 3396 ἐπαιτῶ
830 3349 913 3396 τὸν
938 3349 1049 3396 καθ’
1077 3349 1257 3407 ἡμέραν
1353 3345 1484 3395 have
1505 3346 1635 3396 been
1656 3348 1856 3395 worded
1879 3348 2005 3408 ἄξιαι
2029 3352 2189 3399 οὐδενί.

356 3415 478 3475 βίον,
534 3411 655 3462 Oed.
719 3410 833 3472 Tyr.
892 3411 1017 3460 1506
1055 3414 1257 3473 πτωχσὶς
1420 3412 1579 3471 5355.
1620 3415 1880 3473 ἄνθρωπον,
1903 3413 2242 3475 65]P1·ecisely

353 3473 610 3537 ἀνάνδρους
630 3478 840 3539 ἐγγενεῖς
860 3474 1255 3534 α’λωμένας.--
1353 3488 1410 3524 as
1446 3490 1519 3523 we
1555 3489 1644 3537 say
1681 3479 1765 3523 “a
1794 3492 1926 3535 man,
1948 3478 2104 3526 who.’'
2174 3479 2243 3527 So

359 3543 437 3591 οὕς
490 3543 636 3589 ἐλεεῖν
639 3577 757 3590 ......
766 3541 873 3598 ὑμῖν
915 3542 1041 3599 ἄξιον
1128 3542 1157 3567 “
1175 3540 1250 3588 To
1352 3540 1493 3599 §356
1514 3538 1619 3589 κατ’
1648 3538 1828 3602 ἀνδρός,
1856 3543 1917 3589 ὅς.
1991 3541 2084 3590 See
2106 3542 2238 3591 Plat.

356 3604 545 3653 bestow
585 3619 712 3665 your
748 3604 861 3664 pity
897 3617 965 3650 on
997 3619 1041 3650 w
1080 3619 1164 3651 om
1203 3604 1248 3652 is
1351 3603 1541 3652 Phaed.
1554 3603 1684 3664 9813,
1698 3604 1862 3654 where
1876 3606 2074 3654 consult
2087 3607 2242 3656 Stau-

357 3670 438 3719 1ar
450 3682 589 3717 more
605 3667 800 3729 worthy
815 3671 870 3717 at
885 3681 1012 3729 your
1027 3667 1208 3720 hands.
1220 3668 1247 3695 '’
1344 3667 1544 3718 baum's
1565 3675 1700 3718 note.
