2667 4142
424 222 506 282 14
842 279 847 284 .
1035 169 1673 285 DEMOSTHENIS

419 376 492 439 τὸ
530 375 647 456 μὲν
689 376 759 438 ἐκ
802 376 1038 441 τούτων
1078 377 1455 459 λαμβάνειν,
1488 379 1558 459 ἐξ
1594 376 1677 442 ὧν
1705 375 1744 456 ἦ
1774 375 1963 445 πόλις·
1997 374 2288 454 βλάπτε-

419 500 538 552 ται,
569 474 802 545 πάντες
830 475 942 541 οἶδ’
974 476 1073 542 ὅτι
1101 476 1360 563 φήσαιτ’
1391 477 1469 543 ἂν
1497 477 1654 543 εἶναι
1683 476 1877 542 δεινὸν
1906 478 2012 541 καὶ
2039 479 2288 557 πολλῆς

418 575 601 660 ὀργῆς
651 578 845 660 ἄξιον.
934 578 968 644 ὁ
1013 580 1228 662 μέντοι
1277 580 1387 644 τὸν
1437 579 1623 662 νόμον
1672 579 1864 649 τιθεὶς
1914 578 1984 645 οὖ
2036 578 2289 664 διώρισε

416 685 615 759 τοῦτο,
664 680 814 746 ἀλλ’
872 680 1094 752 άπλῶς
1144 680 1281 748 εἶπε
1329 683 1629 765 μηδαμῶς
1686 681 1853 768 δῶρα
1909 681 2281 763 λαμβάνειν,

414 783 767 867 ἡγούμενος,
810 783 890 857 ὥς
925 786 1062 867 ἐμοὶ
1102 785 1284 864 δοκεῖ,
1316 785 1425 850 τὸν
1465 785 1644 866 ἅπαξ
1676 782 1967 862 λαβόντα
2008 783 2113 847 καὶ
2153 782 2283 847 δια-

417 887 739 974 φθαρέντα
780 887 903 952 ὑπό
946 886 1294 976 χρημάτων
1338 887 1477 953 οὐδὲ
1515 888 1730 974 κριτὴν
1769 886 1863 954 ἔτι
1891 888 2014 950 τῶν
2042 890 2282 969 συμφε-

414 987 649 1074 ρόντων
691 988 957 1072 ἀσφαλῆ
998 988 1205 1071 μένειν
1245 993 1324 1073 τῇ
1367 989 1573 1055 πόλει.
1664 991 1741 1055 ἂν
1783 990 1898 1071 μὲν
1935 989 2143 1055 τοίνυν
2185 991 2279 1071 ἐξ·
2306 1002 2341 1055 8

417 1092 651 1176 ελέγξω
691 1091 796 1156 καὶ
833 1090 1011 1173 δείξω
1055 1081 1275 1177 σαφῶς
1311 1091 1631 1180 Αἰσχίνην
1670 1092 1918 1157 τουτονὶ
1954 1091 2059 1156 καὶ
2094 1090 2285 1172 μηδὲν

416 1191 647 1272 ἀληθὲς
691 1189 1141 1273 ἀπηγγελκότα
1183 1190 1288 1255 καὶ
1327 1190 1730 1256 κεκωλυκότα
1769 1192 1920 1273 ἐμοῦ
1954 1190 2064 1256 τὸν
2089 1190 2285 1271 δῆμον

416 1293 683 1360 ἀκοῦσαι
725 1292 992 1373 τάληθῆ,
1024 1293 1131 1357 καὶ
1172 1292 1386 1358 πάντα
1426 1292 1725 1358 τάναντία
1768 1297 1891 1358 τῶν
1933 1290 2282 1377 συμφερόνο

413 1421 538 1458 των
566 1393 709 1476 ὑμῖν
738 1392 1363 1475 συμβεβουλευκότα,
1390 1393 1496 1457 καὶ
1522 1394 1717 1473 μηδὲν
1739 1393 1823 1459 ὧν
1850 1393 2284 1479 προσετάξατε

413 1496 480 1561 ἐν
518 1498 595 1580 τῇ
635 1495 957 1582 πρεσβεία
989 1494 1396 1574 πεποιηκότα,
1427 1494 1534 1560 καὶ
1573 1494 1941 1574 ἀνηλωκότα
1969 1495 2108 1565 τοὺς
2135 1492 2284 1583 χρό-

414 1624 554 1665 νους
600 1599 664 1662 ἐν
711 1596 802 1665 οἷς·
845 1600 1113 1662 πολλῶν
1155 1596 1263 1661 καὶ
1306 1597 1603 1679 μεγάλων
1644 1596 2036 1680 πραγμάτων
2078 1596 2284 1681 καιροὶ

412 1702 736 1783 προεῖνται
792 1701 868 1780 τῇ
926 1694 1130 1772 πόλει,
1183 1695 1291 1761 καὶ
1347 1694 1604 1761 πάντων
1660 1695 1897 1761 τούτων
1954 1695 2121 1780 δῶρα
2178 1694 2284 1758 καὶ

412 1800 677 1879 μισθοὺς·
714 1797 1023 1884 εἰληφότα
1060 1797 1222 1878 μετὰ
1250 1796 1700 1883 Φιλοκράτους,
1733 1796 2283 1882 καταψηφίσασθε

414 1897 609 1976 αὐτοῦ
647 1899 754 1964 καὶ
788 1897 965 1978 δίκην
1003 1896 1186 1979 ἀξίαν
1224 1901 1349 1962 τῶν
1378 1895 1778 1979 ἀδικημάτων
1806 1897 2063 1975 λάβετε·
2110 1895 2187 1961 ἂν
2216 1897 2283 1962 δὲ

394 1991 501 2084 μὴ
538 2000 716 2084 δείξω
753 2005 954 2065 ταῦτα
981 1999 1019 2081 ἢ
1048 1999 1136 2082 μὴ
1172 1998 1401 2077 πάντα,
1435 2000 1543 2082 ἐμὲ
1577 2001 1694 2082 μὲν
1730 2003 1978 2086 φαῦλον
2005 1997 2279 2081 ἡγεῖσθε,

415 2104 660 2169 τουτονὶ
689 2102 756 2166 δὲ
786 2102 999 2186 ἄφετε.

541 2205 780 2269 Πολλὰ
835 2205 901 2269 δὲ
948 2204 1052 2268 καὶ
1103 2204 1272 2269 δεινὰ
1318 2208 1688 2290 κατηγορεῖν
1746 2204 1911 2293 ἔχων
1970 2204 2065 2269 ἔτι
2123 2203 2280 2288 πρὸς
2306 2237 2340 2289 9

506 2384 532 2439 ξ
574 2383 619 2493 ’(71
687 2381 785 2429 Pro
830 2384 947 2443 εἶπε,
992 2384 1195 2431 ἀπεῖπεν
1230 2401 1305 2446 γρ.
1350 2382 1401 2432 S.
1434 2384 1495 2433 Y.
1532 2384 1589 2445 Q.
1627 2385 1761 2445 quod
1792 2384 1932 2433 haud
1966 2384 2071 2432 scio
2105 2399 2173 2432 an
2207 2399 2281 2431 re-

446 2459 579 2494 onen
614 2457 717 2495 um.
1643 2473 1648 2476 ²

410 2459 445 2507 P
510 2512 536 2569 ς
573 2511 616 2560 8.
696 2510 818 2558 Post
853 2512 1183 2573 συμφερόντων
1219 2525 1319 2561 om.
1366 2514 1472 2572 ὑμῖν
1507 2511 1557 2562 S.
1590 2512 1640 2562 k.
1680 2526 1718 2562 s,
1753 2513 1849 2561 En.
1893 2514 2072 2563 Tnmc.
2112 2512 2282 2560 Vomu.

410 2572 575 2622 Bnmz.
605 2576 666 2624 st.
739 2576 1004 2633 ποιήσαντα
1035 2575 1085 2624 S.
1109 2576 1167 2624 Y.
1196 2575 1328 2635 quod
1357 2591 1510 2624 nemo
1541 2577 1721 2637 opinor
1748 2581 1944 2637 praeter
1972 2578 2069 2626 En.
2098 2578 2277 2626 Tnmc.

412 2639 602 2685 temere
622 2641 914 2699 recepturus
939 2638 1005 2686 sit
1026 2638 1162 2687 inter
1184 2642 1257 2691 tot
1272 2642 1497 2702 perfecta
1516 2643 1860 2702 ἀπηγγελκότα
1868 2681 1981 2692 ......
1990 2642 2288 2690 κεκωλυκότα

419 2739 534 2750 ......
542 2704 986 2765 συμβεβουλευκότα
994 2742 1003 2751 .
1013 2741 1022 2751 .
1034 2741 1044 2751 .
1056 2742 1066 2752 .
1077 2742 1086 2752 .
1097 2742 1107 2753 .
1116 2705 1390 2762 ἀνηλωκότα
1398 2742 1407 2751 .
1417 2743 1428 2754 .
1437 2742 1448 2754 .
1462 2744 1471 2753 .
1481 2744 1491 2753 .
1502 2744 1511 2754 .
1520 2708 1770 2765 εἰληφότα.
1846 2707 2184 2767 [Receperunt
2209 2707 2283 2753 ta-

412 2778 533 2875 111310n
555 2765 723 2877 Vssnn.
757 2767 924 2815 anx.
957 2767 1046 2829 st.]
1110 2771 1277 2817 τοῦτον
1312 2769 1406 2816 ult.
1446 2768 1537 2816 lin.
1576 2769 1625 2819 S.
1662 2770 1721 2818 Y.
1756 2770 1853 2820 En.
1895 2770 2076 2819 Tumc.
2113 2770 2281 2819 Voms.

462 2842 568 2876 mn.
636 2845 754 2880 Exn.
784 2833 846 2881 st.

413 2990 463 3035 p.
524 2947 836 3037 210.>-‘—‹2x
893 2981 1186 3040 τούτων...έξ
1241 2979 1304 3028 ὢν

405 3046 598 3087 neuter.

1400 2980 1607 3041 charges
1637 2984 1690 3030 to
1718 2982 2133 3043 bring.’'—-Dobr.
2158 2984 2283 3031 Adv.

1398 3044 1441 3092 I.
1468 3059 1503 3092 1.
1534 3060 1585 3105 p.
1618 3048 1711 3098 247
1745 3050 1967 3107 “quaero
2000 3049 2284 3109 exemplum

477 3107 503 3163 ς
539 3105 586 3151 8.
653 3103 714 3151 ἂν
733 3107 785 3154 δὲ
804 3108 870 3164 μὴ
893 3109 1110 3172 δείξω...]
1148 3108 1240 3154 “If
1271 3108 1300 3156 I

415 3166 547 3214 shall
567 3168 658 3215 not
671 3181 826 3228 prove
842 3169 984 3219 these
998 3171 1097 3220 five
1109 3171 1295 3231 points,

414 3244 471 3277 or
492 3230 533 3277 if
552 3231 580 3278 I
603 3230 734 3279 shall
755 3234 846 3281 not
868 3248 1021 3293 prove
1042 3249 1189 3296 every
1202 3250 1298 3283 one

413 3294 467 3341 of
485 3294 644 3352 them,
669 3299 790 3344 &c.'’
854 3297 1052 3358 Reiske,
1079 3298 1192 3346 who
1214 3313 1298 3346 en·

414 3358 580 3406 closed
602 3359 633 3418 ἣ
653 3363 721 3419 μὴ
741 3360 799 3408 in
814 3360 1061 3419 bracketS,
1075 3362 1296 3410 wonder·

413 3421 542 3482 fully
573 3421 673 3472 lost
706 3423 841 3485 sight
869 3426 924 3472 of
957 3425 1046 3474 the
1078 3426 1211 3475 force
1246 3426 1300 3474 of

412 3485 502 3533 the
523 3499 747 3547 passage.

475 3552 500 3609 ἓ
521 3552 569 3599 9.
637 3550 854 3600 Observe
876 3556 1158 3618 κατηγορεῖν
1175 3552 1302 3602 used

412 3614 687 3677 absolutely
730 3616 946 3665 without
988 3632 1019 3666 a
1062 3617 1297 3678 genitive.

413 3676 663 3740 “Having
695 3681 783 3741 yet
816 3694 972 3741 many
1008 3683 1300 3730 monstrous

1399 3110 1786 3158 constructionis
1832 3115 2109 3172 κατηγορεῖν
2168 3125 2283 3159 cum

1399 3186 1564 3220 accus.
1588 3174 1662 3221 rei
1685 3174 1795 3221 sine
1817 3175 1973 3234 genit.
1992 3176 2284 3236 personae‚”

1399 3237 1609 3297 quoting
1630 3237 1860 3286 however
1878 3239 2031 3287 Arist.
2047 3240 2177 3287 Ran.
2194 3239 2288 3288 996

1400 3302 1525 3348 δεινὰ
1545 3305 1642 3363 γὰρ
1658 3304 1998 3363 κατηγόρηκεν.
2056 3303 2121 3352 So
2138 3304 2284 3351 Dem.

1400 3363 1615 3412 Timocr.
1661 3379 1711 3426 p.
1758 3367 1852 3417 765
1896 3369 1921 3425 ς
1975 3368 2069 3414 212
2126 3370 2288 3424 ἐπειδὴ

1398 3430 1561 3476 τᾶλλα
1585 3430 1926 3491 κατηγόρησεν,
1939 3430 2128 3479 Andoo.
2153 3431 2287 3492 Mys·

1400 3493 1493 3539 ter.
1534 3495 1619 3553 §7
1653 3507 1705 3554 p.
1748 3494 1776 3540 1
1815 3493 1987 3542 St.=3
2025 3495 2085 3543 R.
2127 3498 2288 3543 πολλὰ

1400 3558 1477 3604 καὶ
1500 3558 1625 3606 δεινὰ
1653 3560 2085 3620 κατηγορήσαντες.
2139 3560 2285 3606 Auct.

1399 3619 1560 3667 Aleib.
1595 3634 1632 3668 1.
1669 3621 1761 3669 105
1794 3621 1841 3669 A
1882 3624 2019 3684 ἔτερα
2052 3625 2112 3671 αὖ
2144 3640 2286 3681 κατη-

1399 3685 1592 3754 γορήσω
1614 3687 1903 3753 διανοήματα
1926 3690 1991 3736 σὰ
2013 3689 2127 3749 πρὸς
2148 3674 2292 3734 αὐτὸν
