2667 4142
1313 225 1351 288 6

392 379 728 462 πρεσβεία.
815 380 921 445 καὶ
978 380 1120 446 τότε
1176 379 1484 467 φοβηθεὶς
1539 379 1573 446 ὁ
1630 379 1959 468 Αἰσχίνης,
2018 380 2263 461 μήποτε

389 478 594 559 μένων
649 480 684 545 ό
727 481 1138 564 Δημοσθένης
1181 482 1445 568 πέμψαι
1489 480 1698 549 πείσει
1746 481 1854 548 τὸν
1899 482 2092 564 δῆμον
2134 488 2263 554 τοῖς

391 583 688 648 Φωκεῦσι
735 582 1058 664 βοήθειαν,
1107 584 1646 670 προσεποιήσατο,
1695 583 1778 654 ὦς
1820 585 1994 667 λέγει
2051 592 2259 670 Δημο·

390 682 637 763 σθένης,
667 683 1027 770 ἀρρωστεῖν.
1101 684 1208 750 καὶ
1237 683 1380 750 τότε
1408 684 1442 751 ὁ
1470 685 1739 769 ἀδελφὸς
1765 687 1952 754 αὐτοῦ
1983 689 2259 770 Εὔνομος

236 798 356 874 338
390 784 586 865 ἦλθεν
614 785 781 875 ἔχων
815 786 1030 871 ἰατρὸν
1071 788 1178 853 καὶ
1222 784 1462 871 ὀμνύων
1495 786 1592 856 ’ότι
1628 788 1944 876 ἅρρωστεῖ
1976 789 1986 878 Ι
2025 792 2257 880 Αἰσχί·

391 916 510 971 νης.
579 892 686 957 καὶ
714 889 904 955 αὐτὸν
929 889 1037 956 τὸν
1069 889 1349 972 Εὔνομον
1376 889 1517 956 ἀντὶ
1545 888 1768 956 τούτου
1789 890 2258 979 ἐχειροτόνησεν

390 992 425 1057 ὃ
481 993 672 1075 δῆμος
728 993 1148 1078 πρεσβευτήν.
1233 993 1342 1058 καὶ
1399 992 1808 1060 ἀπελθόντων
1853 995 2088 1060 τούτων
2132 998 2257 1061 τῶν

389 1095 742 1180 πρέσβεων,
787 1092 868 1166 ὥς
910 1095 1274 1175 κατέλαβον
1316 1095 1617 1174 Εὔβοιαν,
1648 1094 1946 1178 ἥκουσαν,
1978 1098 2075 1163 ὅτι
2104 1101 2253 1163 Φω-

390 1197 533 1268 κέας
583 1198 1067 1284 κατεστρέψατο
1115 1197 1150 1264 ὁ
1196 1197 1550 1279 Φίλιππος,
1597 1197 1705 1264 καὶ
1758 1197 1892 1281 μετ’
1950 1199 2255 1288 αἰσχύνης

388 1299 817 1387 ὑπέστρεψαν.
904 1299 1212 1381 ἐλθούσης
1260 1299 1329 1366 δὲ
1376 1303 1487 1381 τῆς
1532 1298 1744 1384 τρίτης
1777 1300 2126 1384 πρεσβείας
2168 1301 2255 1368 εἰς

389 1403 503 1484 τὴν
528 1402 832 1483 Ἀττικὴν
873 1402 1188 1490 Αἰσχίνης
1229 1401 1818 1489 αὕτοχειροτόνητος
1858 1401 2253 1486 πρεσβευτὴς

388 1502 640 1585 ἀπῆλθε
668 1504 824 1590 πρὸς
852 1504 1202 1582 Φίλιππον,
1234 1503 1315 1573 ὥς
1343 1501 1515 1586 λέγει
1544 1503 1967 1588 Δημοσθένης.

512 1604 754 1672 Ἰστέον
800 1606 867 1673 δὲ
915 1606 1012 1672 ’ότι
1054 1609 1220 1690 μετὰ
1267 1606 1383 1688 τὴν
1430 1606 1783 1691 πρεσβείαν
1820 1606 2087 1677 ἕκαστος
2128 1610 2252 1672 τῶν

387 1706 726 1792 πρέσβεων
752 1707 1004 1779 εὐθύνας
1032 1708 1248 1775 ἐδίδου.
1338 1706 1446 1772 καὶ
1473 1706 1513 1788 ἡ
1541 1707 1659 1789 μὲν
1686 1707 1905 1794 πρώτη
1934 1708 2254 1795 πρεσβεία

388 1810 716 1896 παρέσχεν
747 1809 1000 1880 εὐθύνας
1036 1806 1196 1875 οὕτω
1232 1813 1461 1890 καλῶς,
1494 1807 1658 1876 ὥστε
1691 1810 1800 1875 τὸν
1839 1810 2252 1891 Δημοσθένην

385 1911 643 1997 γράψαι
675 1910 948 1977 καλέσαι
982 1910 1204 1982 αὐτοὺς
1233 1911 1331 1976 ἐπ’
1362 1910 1642 1994 ἄριστον·
1687 1910 1827 1981 ἔθος
1853 1909 1978 1998 γὰρ
2005 1910 2085 1991 ἦν
2111 1914 2252 1983 τοὺς

387 2017 594 2082 καλῶς
622 2012 1215 2099 πρεσβευσαμένους
1228 2012 1269 2045 ¹³
1299 2012 1385 2083 εἰς
1414 2012 1715 2093 δημόσιον
1742 2011 2005 2098 ἄριστον
2042 2018 2250 2079 καλεῖ-

386 2114 557 2181 σθαι.
598 2116 917 2202 ἀποροῦσι
946 2115 1012 2180 δέ
1041 2141 1202 2186 τινες
1230 2113 1393 2191 ὅτικ,
1425 2113 1482 2179 εἰ
1508 2113 1826 2194 ἠπίστατο
1844 2114 2251 2196 Δημοσθένης

385 2217 483 2283 ’ότι
523 2218 831 2305 προδόται
871 2217 1052 2300 ἦσαν,
1083 2217 1189 2284 διὰ
1229 2217 1296 2283 τί
1333 2216 1631 2297 ἐποίησεν
1672 2214 1890 2287 αὐτοὺς
1939 2217 2251 2297 κληθῆναι

386 2319 472 2389 εἰς
500 2319 801 2403 δημόσιον
828 2320 1109 2406 ἄριστον*
1150 2318 1256 2384 καὶ
1283 2317 1550 2400 λέγομεν
1578 2314 1675 2382 ὅτι
1701 2315 1861 2397 μετὰ
1888 2314 1961 2381 τὸ
1988 2312 2251 2402 ἄριστον

385 2421 542 2504 ἔγνω
584 2421 693 2487 τὸν
734 2421 979 2488 σκοπὸν
1014 2420 1233 2487 αὐτῶν.
1321 2423 1448 2485 τῶν
1486 2418 1554 2484 δὲ
1591 2421 1703 2499 τῆς
1738 2417 2024 2504 δευτέρας
2051 2444 2248 2502 πρεσ-

382 2525 565 2602 βείας
591 2524 776 2608 μόνος
798 2523 832 2590 ὁ
857 2523 1264 2605 Δημοσθένης
1291 2520 1553 2587 δέδωκεν
1581 2518 1846 2588 εὐθύνας.
1905 2518 2249 2599 μέλλοντος

385 2625 454 2690 δὲ
493 2631 607 2692 τοῦ
645 2625 963 2713 Αἰσχίνου
990 2626 1294 2712 παρέχειν
1331 2623 1569 2701 ἐπέστη
1610 2623 1934 2709 Τίμαρχος
1972 2619 2078 2686 καὶ
2117 2624 2245 2700 Δη-

385 2727 693 2808 μοσθένης
723 2725 1256 2811 κατηγορήσοντες
1285 2724 1529 2791 τούτου.
1616 2723 1724 2789 καὶ
1750 2722 1985 2807 ᾔτησεν
2012 2721 2245 2809 Αἰσχί·

386 2857 495 2909 νης
551 2829 882 2918 ἀνάκρισιν
938 2828 1252 2912 γενέσθαι,
1312 2826 1420 2893 καὶ
1475 2825 1808 2909 γενομένης
1864 2822 2245 2910 ἀνακρίσεως

386 2931 579 3015 ἔδειξε
634 2930 963 3020 Τίμαρχον
1015 2927 1426 3016 ἡταιρηκότα,
1485 2928 1594 2993 καὶ
1666 2924 1973 3008 ἐξέβαλον
2038 2924 2244 2991 αὐτόν·

387 3031 571 3114 νόμος
612 3031 733 3120 γὰρ
775 3031 854 3113 ἦν
891 3033 999 3098 τὸν
1031 3029 1415 3118 ἡταιρηκότα
1442 3028 1529 3111 μὴ
1559 3026 2021 3094 πολιτεύεσθαι.
2110 3026 2246 3092 εἶτα

386 3133 625 3213 ἐπέστη
693 3134 1143 3219 κατηγορήσων
1199 3131 1233 3198 ὁ
1289 3129 1715 3213 Δημοσθένης.
1820 3128 1927 3194 καὶ
1981 3127 2251 3210 λέγουσι’

384 3259 559 3312 τινες,
604 3237 737 3306 πῶς
780 3236 1050 3301 ἐνταῦθα
1091 3234 1402 3315 μέμνηται
1444 3237 1554 3315 τῆς
1596 3235 1809 3318 τρίτης
1857 3233 2241 3317 πρεσβείας;

381 3333 647 3417 λέγομεν
694 3333 747 3400 δ’
798 3335 896 3400 ὅτι
941 3335 1103 3418 μετὰ
1148 3336 1293 3422 τρία
1345 3336 1453 3415 ἔτη
1505 3339 1615 3416 τῆς
1656 3337 1904 3421 γραφῆς
1952 3334 2247 3417 εἰσῆλθεν

443 3560 555 3607 338.
611 3559 710 3624 (15)
747 3560 1022 3609 “Debebat
1045 3560 1260 3610 seribere
1359 3563 1530 3609 turam
1572 3562 1787 3611 ὅτι...διὰ
1820 3562 1885 3610 τί.
1962 3559 2129 3609 anx.
2175 3561 2248 3623 [et

377 3626 805 3686 πρεσβεύσαντας”
851 3625 1063 3675 Scmr.
1158 3626 1258 3686 (16)
1362 3626 1451 3686 st.]
1504 3628 1621 3686 post
1667 3630 1858 3683 ἄριστον
1901 3623 2249 3687 interrogandi

376 3689 511 3738 Nota
529 3689 773 3738 rariorem
803 3689 1070 3739 verborum
1102 3691 1261 3739 struo·
1360 3690 1564 3751 signum
1584 3690 1746 3752 ponit.
