2667 4142
418 182 545 244 254
1034 179 1673 246 DEMOSTHENIS

418 335 669 431 σφόδρα
712 348 918 427 μισῶν
958 344 1070 425 τὴν
1107 345 1302 410 πόλιν
1342 344 1455 425 τὴν
1493 344 1816 427 ἡμετέραν,
1859 342 2049 417 ὅστις,
2099 344 2159 409 εἴ
2196 371 2295 414 τις
2629 377 2630 396 ἢ

417 449 640 531 ἔροιτο,
668 454 702 481 “
722 446 863 512 εἰπέ
889 473 1014 527 μοι,
1044 451 1154 529 τῆς
1182 452 1291 512 νῦν
1320 446 1513 525 οὔσης
1539 445 1856 515 Ἑλλάδος
1885 447 2157 527 ταυτησὶ
2186 448 2296 511 καὶ
2629 467 2630 508 ;

416 547 774 631 οἰκουμένης
806 548 939 614 ἔσθ’
970 547 1004 614 ‘6
1032 575 1096 614 τι
1126 550 1360 629 ταύτην
1394 548 1473 614 ἂν
1511 548 1625 627 τὴν
1658 548 2092 636 προσηγορίαν
2120 548 2295 640 εἶχεν

413 652 451 729 ἢ
502 649 702 736 ᾠκεῖθ’
748 650 872 717 ὑπὸ
915 654 1039 716 τῶν
1086 654 1193 716 νῦν
1240 650 1514 737 ἐχόντων
1557 649 1904 731 Ἑλλήνων,
1954 651 2012 715 εἰ
2053 650 2141 732 μὴ
2178 652 2293 720 τὰς
2319 656 2448 727 358

415 752 638 837 ἀρετὰς
667 752 827 839 ὑπὲρ
855 752 1060 818 αὐτῶν
1089 752 1323 821 ἐκείνας
1359 751 1421 816 οἱ
1452 752 1808 834 Μαραθῶνι
1837 752 1943 815 καὶ
1974 750 2294 834 Σαλαμῖνι

413 855 818 943 παρέσχοντο
865 856 928 920 οἱ
968 853 1256 940 ἡμέτεροι
1303 852 1900 939 πρόνγονοι;”--οὐδ’
1956 853 2035 918 ἂν
2085 852 2173 923 εἷς
2225 853 2295 919 εὖ

414 955 532 1020 οἷδ’
556 955 654 1022 ’ότι
683 955 957 1041 φήσειεν,
981 953 1157 1019 ἀλλὰ
1185 955 1398 1018 πάντα
1428 952 1609 1018 ταῦθ’
1637 951 1759 1019 ὑπὸ
1783 958 1907 1018 τῶν
1933 954 2295 1039 βαρβάρων
2629 959 2630 990 ¹

271 1076 383 1132 313
414 1058 491 1124 ἂν
537 1060 898 1124 ἑαλωκέναι.
996 1055 1114 1123 εἶθ’
1163 1054 1265 1126 οὓς
1299 1055 1458 1136 μηδὲ
1500 1059 1625 1121 τῶν
1669 1056 1914 1142 ἐχθρῶν
1953 1055 2170 1137 μηδεὶς
2214 1055 2294 1121 ἂν
2629 1059 2630 1062 '

415 1159 650 1227 τούτων
677 1164 802 1225 τῶν
831 1161 1151 1243 ἐγκωμίων
1190 1158 1295 1223 καὶ
1334 1161 1461 1223 τῶν
1500 1158 1773 1223 ἐπαίνων
1811 1157 2291 1243 ἀποστερήσειε,

411 1261 648 1327 τούτων
675 1262 990 1349 Αἰσχίνης·
1020 1259 1179 1342 ὑμᾶς·
1208 1259 1320 1324 οὐκ
1351 1261 1422 1346 ἐᾷ
1458 1260 1832 1341 μεμνῆσθαι,
1864 1260 2006 1330 τοὺς
2035 1262 2107 1341 ἐξ
2136 1262 2291 1326 ἐκεί-

413 1390 551 1442 νων,
586 1362 656 1429 ἵν’
689 1362 869 1431 αὐτὸς·
900 1360 1195 1447 ἀργύριον
1220 1358 1402 1444 λάβῃ
1425 1385 1441 1441 ;
1488 1361 1594 1425 καὶ
1621 1361 1745 1441 μὴν
1773 1364 1898 1426 τῶν
1923 1361 2040 1441 μὲν
2069 1361 2293 1427 ἄλλων
2320 1384 2443 1443 359

411 1465 664 1547 ἀγαθῶν
692 1463 764 1529 οὕ
790 1464 1051 1543 μέτεστι
1082 1467 1210 1532 τοῖς
1238 1462 1588 1540 τεθνεῶσιν,
1613 1462 1676 1526 οἱ
1702 1461 1759 1527 δ’
1786 1463 1893 1527 ἐπὶ
1923 1468 2051 1531 τοῖς
2080 1467 2292 1533 καλῶς

409 1567 795 1654 πραχθεῖσιν
845 1566 1092 1629 ἔπαινοι
1142 1569 1266 1630 τῶν
1323 1564 1484 1629 οὔτω
1543 1563 2076 1643 τετελευτηκότων
2133 1563 2292 1628 ἴδιον

411 1667 620 1749 κτῆμά,
658 1666 835 1731 εἰσιν·
879 1665 1019 1731 οὐδὲ
1063 1666 1185 1751 «γὰρ
1233 1665 1266 1730 ὁ
1316 1665 1546 1752 φθόνος
1585 1663 1794 1736 αὐτοῖς
1834 1666 1930 1731 ἔτι
1966 1665 2288 1746 τηνικαῦτ’

412 1881 469 1939 ἥς
505 1882 584 1929 καὶ
606 1894 708 1928 om.
726 1880 778 1929 S.
814 1878 904 1940 qui
922 1877 985 1926 ab
1003 1877 1105 1926 alia
1120 1890 1280 1926 manu
1298 1879 1353 1938 [“
1368 1876 1544 1925 eadem
1568 1880 1625 1926 ut
1647 1878 1795 1926 nobis
1810 1878 2018 1939 quidem
2038 1879 2283 1928 vidam-'⁹

410 1945 616 2005 Voem.]
668 1944 699 2003 ἢ
743 1943 914 1991 habet.
1007 1942 1128 1989 Mox
1171 1941 1201 2001 ἢ
1247 1941 1435 2004 σφόδρα
1477 1943 1613 2002 vulg.
1659 1946 1779 1990 ante
1821 1943 1989 1992 ΒΕΚΚ.
2076 1944 2285 1993 Habent

410 2008 469 2058 F.
496 2009 548 2058 S.
573 2008 622 2056 k.
645 2023 695 2056 v.
715 2006 797 2055 Al.
831 2006 998 2056 Vomn.
1026 2007 1193 2053 ΒΕΚΚ.
1223 2008 1285 2055 st.

506 2074 662 2132 §3580
733 2075 784 2120 ἐν
827 2073 1085 2133 Μαραθῶνι
1119 2072 1155 2119 t.
1205 2068 1300 2119 Ed.
1343 2068 1512 2118 Latet.
1587 2069 1687 2119 Sed
1725 2073 1895 2119 “ante
1928 2073 2189 2133 Μαραθῶνι
2229 2076 2283 2121 et

409 2139 646 2196 Σαλαμῖνι
688 2137 814 2183 solet
849 2139 897 2184 έν
939 2133 1111 2183 omitti
1125 2134 1154 2158 ’'
1208 2136 1345 2182 recte
1389 2134 1461 2181 ait
1500 2133 1681 2182 Rmsx.
1752 2134 1888 2198 [Vid.
1941 2134 2112 2184 Cobet.
2158 2136 2275 2186 Var.

409 2201 547 2250 Lect.
588 2215 638 2261 p.
676 2201 753 2259 69,
797 2215 840 2260 p.
888 2201 999 2259 201,
1033 2199 1160 2247 Nov.
1187 2198 1324 2247 Leet.
1365 2212 1415 2258 p.
1462 2198 1567 2258 96.]
1632 2198 1773 2245 Idem
1806 2202 1980 2247 tamen
2013 2214 2282 2261 perperam

409 2269 452 2313 οἱ
489 2268 620 2325 (poet
655 2266 977 2325 παρέσχοντο)
1012 2277 1129 2310 eum
1158 2260 1238 2312 Al.
1280 2261 1362 2311 A2.
1387 2262 1429 2309 B
1454 2261 1640 2311 omisit.
1714 2263 1831 2310 Mox
1863 2265 2072 2324 ὑμέτεροι
2105 2279 2283 2313 omnes

405 2329 711 2377 Bekkeriani
753 2331 952 2388 praeter
1000 2326 1047 2376 k.
1108 2341 1149 2374 r.
1165 2352 1293 2362 —-·
1309 2328 1541 2386 ἡλωκέναι
1587 2328 1646 2374 ut
1689 2326 1817 2375 solet
1858 2322 2026 2378 vor-m.

408 2396 543 2455 (post
569 2395 810 2454 Αἰσχίνης)
837 2406 936 2439 om.
961 2391 1012 2438 k.
1039 2405 1080 2438 s.
1103 2389 1183 2439 Al.
1213 2390 1290 2440 A2.

501 2459 656 2519 5359.
731 2459 868 2506 αὐτὸς
891 2455 950 2503 Ο.
1017 2455 1160 2502 Inter
1189 2457 1560 2515 ἀποστερεῖσθαι
1592 2456 1643 2503 ess
1675 2457 2004 2517 στερίσκεσθαι
2039 2456 2281 2506 subtilem

403 2536 567 2635 nque
601 2525 983 2635 {amendveram
1012 2518 1914 2632 αἱειίιέἓιίοέεάῗλοᾱοταήωΝῌιρῐω.
1929 2525 2282 2635 εὴστερίσιεετὲιί

403 2605 473 2637 τις
543 2606 570 2635 ν
631 2599 723 2647 χει·
807 2601 1113 2647 ποστερειται
1238 2603 1266 2630 τ
1435 2601 1586 2645 οτρια.
1700 2598 1910 2633 lmlrum
1982 2600 2098 2633 omo
2142 2600 2224 2647 Jus
2249 2602 2280 2634 o

2167 2331 2284 2388 ὑμᾶς

403 2759 642 2820 quainted
685 2757 811 2805 with
857 2756 1063 2817 history.
1154 2752 1287 2801 Plat.
1388 2749 1672 2800 Athenians
1706 2752 1809 2800 had
1838 2753 2017 2815 fought
2040 2759 2092 2803 at
2113 2755 2280 2805 Mara·

402 2822 617 2871 Phaedr.
653 2822 748 2870 259
792 2821 834 2868 B
872 2819 1064 2878 ἀνήκοος
1096 2820 1192 2880 ’γὰρ
1233 2818 1292 2866 ὡς
1387 2815 1516 2862 thou
1544 2819 1937 2878 sinyle-handed‚
1967 2822 2022 2867 at
2059 2820 2283 2871 Salamis

403 2894 531 2936 ἔοικα
551 2888 778 2947 τυγχάνω
805 2886 882 2942 ὤν,
907 2885 1001 2932 261
1023 2883 1066 2930 Β
1107 2886 1200 2930 τῶν
1238 2884 1290 2930 δὲ
1387 2878 1492 2927 had
1561 2880 1691 2928 done
1745 2882 2029 2930 two-thirds
2083 2885 2138 2932 οἱ
2190 2885 2283 2933 tho

404 2951 725 3011 Παλαμήδους
803 2949 994 3007 ἀνήκοος
1059 2949 1286 3009 ’γέγοναςς
1388 2944 1540 2991 work.
1610 2945 1704 2994 See
1758 2945 1847 2994 the
1883 2946 2029 2995 boant
2082 2949 2137 2995 of
2190 2950 2283 2998 the

401 3016 584 3065 Reiske
606 3014 766 3074 ought
800 3015 892 3060 not
926 3015 980 3060 to
1008 3011 1137 3059 have
1173 3025 1287 3058 con·
1390 3007 1647 3057 Athenian
1686 3011 2028 3071 ambassador,
2055 3012 2213 3061 Thue.
2241 3029 2280 3063 1.

403 3081 597 3129 sidered
619 3078 725 3126 this
746 3076 882 3124 word
904 3091 961 3124 as
990 3091 1020 3124 a
1044 3088 1291 3136 synonym
1392 3074 1468 3132 73,
1514 3074 1591 3123 74.
1726 3077 1783 3121 ἂν
1817 3076 2094 3137 ἑαλωκέναι]
2152 3078 2202 3125 It
2234 3078 2283 3126 is

403 3146 457 3192 of
479 3142 636 3194 σκαιός
660 3142 975 3201 (ἀπαίδευτος,
999 3154 1055 3187 or
1089 3139 1287 3198 ἀμαθής,
1390 3136 1609 3196 perhaps
1665 3137 1847 3199 hardly
1904 3150 2172 3203 necessary
2224 3147 2283 3190 to

402 3210 446 3257 is
471 3224 526 3256 so
549 3206 691 3266 used,
720 3207 812 3253 but
834 3209 927 3252 not
952 3204 1180 3263 ἀνήκοος).
1391 3203 1564 3260 repeat
1606 3201 1917 3251 Scmrmn's
1954 3207 2101 3254 note:
2155 3208 2283 3268 “su-

464 3276 489 3332 ς
511 3274 620 3320 358.
694 3276 726 3299 “
745 3270 863 3317 Had
882 3272 974 3316 not
1004 3269 1092 3316 the
1114 3268 1294 3316 heroes
1394 3272 1557 3312 turum
1568 3267 1731 3327 fuisse
1750 3275 1808 3314 ut
1824 3276 2126 3329 caperentur.
2183 3271 2284 3319 Est

402 3340 457 3386 at
479 3334 748 3384 Marathon
770 3333 871 3382 and
907 3332 1138 3388 SalamiS,
1167 3346 1295 3379 even
1391 3327 1681 3377 infinitivus
1709 3331 1984 3392 plusquam
2019 3334 2284 3394 perfecti.”

401 3417 494 3450 our
516 3399 834 3454 forefatherS‚
859 3395 1119 3457 displayed
1145 3395 1294 3444 those
1391 3389 1486 3441 οὐδ’
1533 3396 1596 3443 εἶς
1636 3395 1684 3442 is
1730 3408 1761 3442 a
1811 3396 2081 3457 repetition
2122 3399 2177 3445 of
2212 3403 2286 3449 τίς

399 3463 715 3513 well-known
752 3463 883 3509 feats
921 3462 975 3508 of
1017 3461 1194 3508 valour
1228 3475 1295 3507 on
1393 3461 1525 3506 ἐστιν
1546 3461 1676 3509 ὅστις
1697 3459 1868 3510 above.

401 3528 537 3577 their
574 3524 794 3573 behalf.’'
862 3527 903 3572 οἱ
935 3527 1150 3586 ἡμέτεροι
1183 3523 1296 3585 πρό-
1454 3525 1612 3584 ξ359.
1684 3524 1791 3572 οὐδὲ
1827 3527 1924 3586 ’γὰρ
1968 3526 1993 3574 ὁ
2025 3525 2281 3592 φθόνος...]

402 3609 537 3653 ’γονοι
556 3588 717 3637 added
738 3588 861 3636 with
880 3591 1020 3648 great
1034 3588 1293 3648 emphasis
1392 3588 1565 3648 Comp.
1596 3587 1658 3635 de
1682 3589 1861 3639 Coron.
1903 3603 1953 3649 p.
1986 3591 2080 3638 830
2108 3592 2133 3649 ξ
2162 3592 2276 3651 315,

403 3660 458 3704 to
480 3651 682 3703 remind
700 3652 789 3700 the
812 3651 1051 3700 audienoe
1073 3652 1187 3700 that
1203 3653 1293 3702 the
1389 3653 1491 3701 and
1515 3652 1742 3716 Thuoyd.
1766 3667 1826 3705 11.
1866 3653 1929 3704 45
1974 3654 2147 3716 φθόνος
2179 3658 2283 3719 ’γᾱρ
