2667 4142
799 244 919 309 DE
970 243 1258 331 FALSA
1314 244 1839 310 LEGATIONE
2175 248 2255 309 11

382 399 529 486 περὶ
567 397 858 467 ’πλείονος
886 397 927 478 ἢ
959 398 1031 463 τὸ
1070 397 1308 463 δίκαιον
1343 397 1451 462 καὶ
1477 397 1586 463 τᾶν
1614 395 1799 483 ὅρκον
1828 395 1901 463 ὃν
1928 394 2257 476 εἰσελήλυ-

383 503 490 568 θεν
524 501 698 584 ὑμῶν
729 502 992 571 ἕκαστος
1024 500 1377 583 ὀμωμοκώς,
1411 500 1899 584 ἐνθυμουμένους
1927 498 2025 565 ὅτι
2055 504 2257 565 ταῦτα

316 635 327 674 5
378 604 496 685 μέν
538 605 716 668 ἐστιν
758 601 916 689 ὑπὲρ
951 601 1121 683 ὑμῶν
1165 603 1271 666 καὶ
1313 600 1465 683 ὅλης
1501 606 1613 683 τῆς
1649 601 1911 679 πόλεως,
1942 601 2013 665 αἱ
2038 601 2105 667 δὲ
2134 604 2256 667 τῶν

372 705 806 791 παρακλήτων
862 702 1048 768 αὗται
1099 702 1339 786 δεήσεις
1398 703 1505 768 καὶ
1561 702 1842 769 σπουδαὶ
1897 706 2025 769 τῶν
2084 701 2255 766 ἰδίων

374 808 758 889 πλεονεξιῶν
795 805 975 871 ἕνεκα
1012 806 1355 887 «γίγνονται,
1398 802 1475 876 ἃς
1517 805 1619 870 ἴνα
1657 803 1927 885 κωλύηθ’
1968 802 2033 870 οἶ
2070 803 2247 882 νόμοι

317 935 348 971 2
375 908 738 990 συνήγαγον
772 906 946 990 ὑμᾶς,
981 905 1103 993 οὐχ
1140 906 1239 971 ἵνα
1273 908 1489 991 κυρίας
1518 910 1647 977 τοῖς
1689 905 1977 972 ἀδικοῦσι
2006 908 2249 985 ποιῆτε.

374 1007 518 1078 τοὺς
540 1009 660 1092 μὲν
689 1006 795 1073 οὖν
824 1006 1084 1086 ἄλλους,
1110 1006 1251 1072 ὅσοι
1278 1007 1436 1092 πρὸς
1461 1008 1546 1073 τὰ
1572 1006 1751 1073 κοινὰ
1778 1007 2029 1079 δικαίως
2052 1032 2251 1093 προσ-

374 1109 691 1195 ἔρχονται,
726 1109 845 1175 κᾶν
887 1109 1218 1181 δεδωκότες
1259 1109 1418 1176 ὦσιν
1460 1109 1732 1187 εὐθύνας,
1775 1110 1889 1191 τὴν
1932 1111 2255 1195 ἀειλογίαν

374 1212 499 1296 ὁρῶ
542 1213 1071 1297 προτεινομένους,
1105 1213 1353 1279 τουτονὶ
1392 1212 1443 1276 δ’
1476 1213 1795 1300 Αἰσχίνην
1829 1214 1998 1278 πολὺ
2025 1213 2249 1280 nivan-

374 1315 482 1379 τία
531 1314 772 1379 τούτου
829 1314 986 1399 πρὶν
1029 1314 1150 1402 «γὰρ
1206 1315 1513 1380 εἰσελθεῖν
1559 1314 1644 1383 εἷς
1690 1313 1849 1396 ὑμᾶς
1899 1315 2008 1380 καὶ
2056 1315 2250 1397 λόγον

376 1412 590 1480 δοῦναι
616 1418 742 1481 τῶν
770 1417 1231 1502 πεπρωγμένων
1259 1416 1368 1481 τὸν
1394 1416 1511 1496 μὲν
1538 1414 1808 1502 ἀνῄρηκε
1846 1419 1971 1481 τῶν
2001 1417 2108 1483 ἐπὶ
2139 1417 2249 1487 τὰς

377 1514 629 1586 εὐθύνας
674 1517 999 1596 ἐλθόντων,
1031 1522 1159 1588 τοῖς
1197 1517 1249 1584 δ’
1291 1516 1547 1583 ἀπειλεῖ
1582 1517 1853 1605 περιιών,
1896 1517 2249 1585 δεινότατον

375 1617 630 1685 πάντων
658 1619 797 1689 ἔθος
827 1620 912 1689 εἰς
939 1619 1053 1701 τὴν
1080 1620 1411 1686 πολιτείαν
1439 1618 1714 1703 εἰσάγων
1742 1618 1849 1684 καὶ
1875 1617 2249 1706 ἀσυμφορώ-

375 1747 566 1786 τατον
593 1720 753 1802 ὑμῖν·
798 1722 854 1787 εἰ
879 1721 1002 1808 *γὰρ
1032 1721 1065 1786 ὃ
1093 1721 1342 1809 πράξας
1369 1747 1433 1787 τι
1462 1725 1587 1787 τῶν
1616 1723 1837 1787 κοινῶν
1873 1724 1981 1786 καὶ
2019 1720 2248 1803 διοική·

375 1847 495 1892 σας
538 1825 632 1908 τῷ
674 1821 817 1888 καθ’.
867 1822 1083 1889 ἑαυτὸν
1132 1821 1320 1909 φόβῳ
1366 1820 1474 1887 καὶ
1521 1820 1607 1902 μὴ
1654 1824 1745 1908 τῷ
1789 1819 2009 1906 δικαίῳ
2054 1848 2245 1887 κατα·

468 1984 565 2044 §2-
631 1987 804 2033 τούτου
824 1984 1049 2036 S.F.Y.r.
1072 1987 1250 2035 τούτων
1281 1985 1417 2046 vulg.
1446 1986 1498 2033 et
1535 1984 1586 2034 S.
1627 1999 1786 2046 marg.
1853 1983 2060 2033 Utravis
2095 1985 2246 2034 lectio

370 2063 480 2109 qen.
499 2056 661 2098 neutr.
681 2051 775 2097 est.
822 2053 966 2098 αὐτοῦ
986 2052 1103 2111 post
1125 2049 1393 2112 κατήγορον
1411 2049 1581 2097 Bmm.
1598 2049 1753 2098 Dum.
1773 2051 1940 2113 [αὑτοῦ
1953 2049 2120 2098 Bran.
2139 2050 2243 2115 st.].

372 2186 480 2244 710ae
509 2182 620 2242 μήτ’
655 2185 787 2232 ἔλεον
815 2184 928 2243 μήτ’
962 2186 1139 2246 ἄνδρα
1169 2202 1257 2243 μη·

374 2250 482 2296 δένα.
502 2247 626 2306 μήτε
664 2250 836 2308 τέχνην
862 2251 1092 2307 μηδεμίαν
1126 2250 1255 2310 εὑρῆ-

375 2314 502 2359 σθαι.
635 2311 993 2373 παρακλήτων.]
1025 2312 1138 2361 Lat.
1167 2313 1255 2360 ad-

373 2376 551 2423 vocati.
618 2374 819 2435 Gomp.·
850 2375 913 2424 de
966 2376 1148 2425 Coton.
1202 2390 1255 2437 p.

375 2440 468 2490 275
504 2438 646 2499 §143
681 2442 724 2488 ol
757 2441 810 2488 ἐκ
840 2439 1259 2501 παρακλήσεως

374 2501 739 2563 συγκαθὴμενοι.
828 2503 1065 2551 Aeschin.
1107 2503 1168 2551 F.
1192 2503 1253 2553 L.

371 2569 399 2626 ἓ
434 2567 526 2615 183
559 2581 609 2627 Ρ.
643 2568 707 2616 52
742 2566 979 2616 St.=346
1004 2567 1066 2615 Β.
1104 2586 1255 2630 παρα-

372 2633 506 2680 καλῶ
559 2632 610 2679 δὲ
675 2631 1255 2693 Εὔβουλον...συνή’γορον.

501 2693 556 2743 ἅς
578 2696 652 2743 ἵνα
670 2695 889 2755 κωλύηθ’.
900 2734 930 2745 ..
940 2695 1256 2757 συνήγαγον.]

375 2756 594 2806 Observe
635 2758 725 2806 the
761 2758 1078 2820 conjunctive
1126 2761 1256 2807 after

373 2821 463 2869 the
485 2821 655 2869 aorist.
679 2821 1007 2872 Buttmann's
1028 2824 1255 2871 remarks

374 2899 441 2932 on
460 2885 589 2933 Plat.
609 2885 766 2943 crito,
789 2885 901 2936 init.
931 2901 1014 2935 are
1037 2887 1255 2948 applica·

376 2948 454 2996 ble
481 2951 539 2997 to'
559 2948 665 2997 this
699 2964 933 3011 passage:
969 2956 1000 2980 “
1018 2951 1255 3012 conjunc·

371 3012 535 3061 tivum
545 3016 662 3074 post
676 3014 948 3073 praeterita
959 3014 1096 3075 poni,
1118 3016 1162 3063 si
1176 3028 1257 3063 res

372 3090 502 3136 quae
530 3076 844 3137 significatur
877 3092 936 3125 eo
966 3078 1132 3126 adhuc
1165 3079 1256 3127 du-

370 3139 502 3190 rat.”
570 3141 856 3190 Translate:
905 3146 936 3169 “
955 3141 1012 3190 in
1032 3142 1179 3190 order
1200 3144 1254 3192 to

370 3202 462 3252 the
476 3205 773 3264 prevention
787 3202 1009 3253 whereof
1024 3206 1113 3254 the
1133 3207 1254 3256 lawa

371 3267 587 3329 brought
606 3283 707 3329 you
725 3268 958 3329 together
977 3269 1147 3319 horest?

435 3336 461 3391 ξ
484 3333 532 3379 2.
598 3335 711 3395 πρὸς
764 3332 829 3381 τὰ
884 3334 1015 3382 κοιναὶ
1053 3336 1253 3395 προσέρ-

370 3397 580 3457 xum-m]
634 3397 880 3457 Compare
928 3397 1140 3447 Androt.
1198 3412 1248 3457 Ρ.

370 3460 466 3508 615
509 3463 535 3519 §
571 3460 631 3509 69
676 3460 754 3519 (or
801 3459 1015 3511 Timocr.
1064 3476 1112 3522 p.
1161 3464 1254 3513 755

369 3524 467 3583 §17
470 3523 537 3586 6),
547 3523 712 3571 where
725 3524 754 3572 I
771 3525 1003 3573 conceive
1019 3525 1254 3574 Schaefer

370 3587 418 3635 is
437 3601 609 3648 wrong
629 3587 687 3635 in
706 3587 1025 3650 considering
1056 3592 1253 3651 προσέρ-

371 3668 519 3711 χομαι
550 3672 595 3693 =
626 3651 970 3714 προσφέρομαι.
1062 3653 1255 3701 Rather

371 3716 704 3776 προσελήλυθε
726 3720 842 3779 πρὸς
881 3719 1256 3776 ὑμᾶς--τεπολί-

1358 2202 1521 2233 τευται
1533 2182 1590 2231 in
1605 2182 1695 2232 the
1707 2182 1977 2245 preceding
1990 2185 2238 2234 sentence.

1361 2248 1429 2298 So
1451 2247 1609 2295 below
1628 2261 1680 2309 p.
1702 2249 1839 2308 3735
1860 2248 1952 2295 114
1975 2251 2236 2311 προσέλθῃ,

1358 2312 1778 2373 --ἀειλογίαν.]
1800 2310 1883 2360 i.e.
1904 2314 1960 2360 τὸ
1978 2314 2051 2360 ἀεὶ
2068 2312 2244 2361 διδόναι

1358 2373 1522 2435 λόγον,
1552 2378 1589 2402 “
1604 2374 1693 2423 the
1715 2375 1840 2437 duty
1861 2375 1915 2422 of
1935 2375 2119 2436 always
2140 2375 2241 2436 giv-

1358 2439 1448 2500 ing
1485 2453 1552 2487 an
1589 2453 1781 2487 answer
1813 2438 1963 2487 when
1992 2439 2154 2487 called
2190 2440 2245 2488 to

1358 2502 2245 2628 ssffiississn’ihssessssffifflossffiniss

1356 2629 1594 2680 Eubulid.
1629 2644 1682 2692 p.
1715 2631 1839 2681 1306
1873 2634 1899 2691 ἓ
1934 2633 1994 2683 27
2031 2630 2153 2693 (and
2188 2632 2245 2680 in

1357 2694 1463 2743 this
1507 2707 1654 2743 sense
1696 2694 1915 2756 perhaps
1958 2709 2026 2743 no
2077 2694 2244 2746 where

1356 2758 1474 2823 else)
1499 2761 1585 2817 τὴν
1605 2757 1852 2821 ἀειλογίαν
1872 2761 2244 2820 παρέχειν.--

1356 2825 1438 2871 τὸν
1474 2826 1560 2880 μὲν
1603 2822 1848 2886 ἀνῄρηκα]
1926 2823 2240 2885 Timarchus,

1354 2886 1467 2934 who
1496 2885 1600 2934 had
1618 2887 1718 2935 lost
1748 2886 1830 2935 his
1850 2887 2106 2936 franchise
2128 2890 2241 2951 (ἠνι-

1356 2950 1530 3013 μώθη),
1553 2949 1743 3010 having
1775 2950 1905 2999 been
1942 2951 2243 3013 prosecuted

1356 3014 1425 3076 by
1477 3013 1756 3063 Aeschines
1810 3015 1890 3063 for
1963 3017 2242 3065 unnatural

1357 3077 1540 3126 crimes
1576 3078 1881 3142 (ἑταιρήσεως
1905 3079 2244 3140 Ὑραφή).---

1357 3141 1580 3205 ἀνῄρηκε,
1622 3146 1653 3170 “
1672 3141 1767 3191 has
1804 3145 1898 3203 put
1928 3146 2017 3191 out
2056 3145 2111 3191 of
2151 3144 2241 3193 the

1355 3205 1570 3318 Waga'i'n]
1583 3205 1693 3254 The
1704 3205 2243 3321 expriezshiongoestssog

1357 3284 1411 3318 ce
1570 3284 1604 3329 y
1624 3283 1820 3318 warran
1925 3285 1953 3318 e
1980 3286 2000 3318 1
2035 3285 2094 3320 ea
2188 3286 2218 3320 a

1357 3332 1659 3382 Timarchus
1711 3333 1815 3381 had
1867 3333 1995 3381 been
2041 3338 2136 3395 put
2188 3339 2242 3384 to

1357 3397 1525 3448 death.
1601 3397 1694 3446 See
1726 3396 1847 3446 Mid.
1876 3411 1924 3457 p.
1965 3398 2059 3447 548
2088 3403 2114 3459 ξ
2149 3401 2241 3449 105

1358 3460 1668 3521 ἐξόριστον
1703 3459 1980 3523 ἀνῃρῆσθαι,
2021 3463 2124 3511 and
2157 3463 2237 3511 be·

1356 3524 1453 3572 low
1488 3539 1537 3585 Ρ.
1586 3526 1682 3572 432
1716 3529 1742 3585 ἓ
1781 3527 1891 3574 325.
2027 3528 2100 3587 τῷ
2136 3528 2239 3576 καθ’

1357 3590 1521 3638 ἑαυτὸν
1555 3589 1734 3652 φόβῳ.]
1791 3589 1985 3637 Dobree
2005 3592 2164 3639 refers
2186 3594 2240 3639 to

1357 3652 1481 3701 Mid.
1504 3667 1553 3713 Ρ.
1584 3653 1676 3701 555
1698 3657 1725 3714 ἕ
1750 3653 1842 3704 124
1865 3651 1917 3702 οὐ
1939 3656 1997 3713 δὴ
2020 3656 2092 3702 δεῖ
2118 3672 2236 3714 παρ·

1357 3718 1473 3781 ορᾶν
1510 3717 1573 3767 τὰ
1606 3720 1818 3777 τοιαῦτα,
1845 3720 1951 3768 οὐδὲ
1983 3719 2065 3767 τὸν
2098 3720 2237 3781 ἐξείρ-
