2667 4142
753 190 873 255 DE
930 190 1215 255 FALSA
1273 189 1799 255 LEGATIONE.

2100 189 2234 257 247

224 356 330 413 347
362 342 623 428 ἐφήβων
659 343 879 429 ὅρκονς
933 341 1054 430 οὐχ
1092 343 1269 413 οὗτος
1287 367 1307 421 ;
1350 345 1446 413 τίς
1492 341 1526 406 ό
1570 341 1798 412 πείσας
1842 341 2000 423 ὑμᾶς
2040 342 2230 422 μόνον
2254 363 2371 420 304

362 444 471 508 οὐκ
503 444 610 508 ἐπὶ
637 443 751 524 τὴν
779 444 1044 530 ἐρυθρὰν
1085 442 1415 509 θάλατταν
1449 444 1798 527 πρεσβείας
1825 442 2119 523 πέμπειν,
2150 442 2234 512 ὥς

362 546 933 628 ἐπιβουλευομένης
953 547 1068 621 μὲν
1090 542 1212 610 ὑπὸ
1234 544 1572 609 Φιλίππου
1599 547 1710 614 τῆς
1729 542 2064 622 Ἑιλλάδος,
2089 542 2232 621 ὑμῖν

363 647 429 713 δὲ
458 652 785 732 προσῆκον
818 649 1099 732 προορᾶν
1132 650 1333 711 ταῦτα
1371 646 1479 712 καὶ
1510 645 1598 728 μὴ
1633 647 1969 733 προίεσθαι
1997 645 2080 710 τὰ
2110 650 2233 710 τῶν

360 750 728 831 Ἑλλήνωνς
772 750 895 838 οὐχ
923 749 955 815 ό
984 751 1101 831 μὲν
1135 749 1408 836 γράφων
1442 750 1514 815 τὸ
1552 751 1873 836 ψήφισμα
1900 750 2232 828 Εὔβουλος

361 850 454 931 ἦν,
480 851 514 915 ὃ
532 851 600 917 δὲ
622 852 994 938 πρεσβεύων
1016 853 1101 923 εἰς
1126 853 1620 932 Πελοπόννησον
1641 853 1958 943 Αἰσχίνης
1977 852 2196 920 οὑτοσί
2217 877 2233 930 ;

362 953 566 1018 ἐλθοῖν
593 952 645 1017 δ’
677 954 879 1017 ἐκεῖσε
917 954 1081 1017 ἅττα
1120 952 1237 1036 μέν
1271 980 1429 1018 ποτε
1468 952 1765 1041 διελέχθη
1796 953 1904 1019 καὶ
1933 952 2232 1035 ἐδημηγό-

361 1081 575 1138 ρησεν,
604 1053 789 1124 αὐτὸς
816 1053 894 1119 ἂν
923 1053 1129 1135 εἰδείη,
1153 1053 1195 1118 ἃ
1218 1053 1270 1118 δ’
1294 1054 1645 1137 ἀπήγγειλε
1673 1056 1829 1139 πρὸς
1857 1055 2032 1138 ὑμᾶς,
2064 1056 2234 1137 ὑμεῖς

224 1169 337 1241 348
364 1154 475 1221 οἷδ’
509 1155 604 1221 ὅτι
635 1157 958 1237 μέμνησθε
986 1156 1241 1226 πάντες.
1301 1156 1640 1243 βάρβαρόν
1668 1186 1737 1224 τε
1763 1159 1886 1246 γὰρ
1913 1160 2234 1230 πολλάκις
2261 1190 2372 1247 305

362 1259 472 1323 καὶ
495 1257 827 1344 ἀλάστορα
848 1259 954 1323 τὸν
976 1261 1310 1325 Φίλιππον
1339 1260 1684 1326 ἀποκαλῶν
1711 1261 2097 1347 ἐδημηγόρει,
2129 1263 2235 1327 καὶ

361 1360 506 1429 τοὺς
524 1358 839 1444 Ἀρκάδας
860 1359 1006 1442 ὑμῖν
1028 1360 1436 1444 ἀπήγγελλεν
1458 1362 1538 1432 ὥς
1560 1363 1836 1451 ἔχαιρον,
1868 1364 1923 1428 εἰ
1959 1363 1968 1449 Ι
2006 1363 2238 1448 προσέ-
2261 1383 2391 1445 439

363 1491 470 1551 χει
497 1469 627 1534 τοῖς
655 1462 1030 1550 πράγμασιν
1060 1462 1177 1543 ἤδη
1207 1464 1314 1528 καὶ
1345 1464 1646 1551 ἐγείρεται
1667 1464 1705 1545 ἦ
1727 1469 1853 1531 τῶν
1883 1465 2240 1546 Ἀθηναίων

462 1663 619 1775 {347-
687 1664 944 1726 πρεσβείαν
981 1662 1033 1711 k.
1065 1676 1103 1712 e.
1140 1662 1220 1712 A¹.

364 1740 441 1790 pr.
492 1762 505 1775 .

1354 1629 1590 1726 προσῆκέν
1633 1665 1691 1715 F.
1714 1666 1775 1716 B.
1827 1668 2062 1728 προσῆκεν
2096 1665 2145 1715 S.
2188 1668 2239 1713 et

586 1732 619 1756 ‘⁸
636 1726 853 1775 Defendi
893 1728 1071 1789 possit,
1120 1730 1178 1775 ut
1225 1729 1587 1790 ὡς...προσῆκεν
1630 1730 2008 1779 constructione
2040 1729 2236 1778 variata

364 1792 559 1840 dietum
592 1790 710 1839 sit.’'
743 1791 910 1840 Vomff.
960 1792 1069 1852 Ego
1092 1796 1322 1851 προσήκει
1344 1797 1433 1841 aut
1457 1797 1688 1856 προσήκοι
1708 1795 2032 1855 requirerem.

460 1856 614 1915 §348.
679 1857 1010 1916 ἀπήγγειλλεν
1044 1855 1103 1903 Ο.
1140 1871 1179 1905 r.
1223 1860 1261 1905 t.
1286 1871 1336 1906 v.
1406 1860 1706 1921 ἀπήγγειλεν
1740 1859 1875 1919 vulg.
1909 1861 2030 1906 ante
2062 1857 2231 1905 ΒΕΚΚ.

364 1935 626 1998 Frequens
668 1936 901 1985 confusio
949 1936 1008 1984 in
1050 1935 1148 1984 hoo
1190 1936 1365 1987 vocab.
1415 1936 1551 1986 inter
1595 1941 1666 1994 ελ,
1701 1940 1806 1996 ελλ,
1855 1939 1945 1995 ειλ,
1982 1939 2100 1986 ειλλ.
2160 1935 2234 1985 cf.

366 2122 464 2172 has
515 2121 759 2184 probably
795 2119 1114 2170 confounded
1164 2119 1255 2169 the

366 2190 491 2235 two:
530 2188 800 2249 ’Ἄγραυλος
855 2190 933 2235 καὶ
967 2188 1138 2247 Ἕρση,
1178 2187 1255 2233 καὶ

367 2250 656 2313 Πάνδροσος,
701 2254 954 2312 θυγατέρες
995 2252 1255 2311 Κέκροπος,

369 2318 431 2365 ὥς
453 2323 600 2377 φησιν
621 2317 646 2363 ὀ
671 2316 929 2376 Φιλόχορος
952 2315 1056 2375 [see
1077 2313 1255 2374 Eurip.

367 2379 464 2427 Ion
486 2380 757 2440 265—274,
778 2377 1065 2440 Apollodor.
1092 2391 1150 2425 11.
1177 2379 1252 2425 14.

369 2443 416 2500 6,
439 2443 661 2492 Pausan.
684 2457 721 2493 Ι.
755 2445 832 2491 18.
871 2444 939 2504 2].
976 2444 1172 2503 λέγουσι
1207 2444 1258 2491 δὲ

368 2510 443 2556 ὅτι
461 2511 671 2566 πολέμου
686 2509 956 2569 συμβάντος
979 2508 1090 2567 παρ’
1118 2509 1256 2563 Ἀθη-

369 2575 509 2622 ναίοις
554 2575 635 2620 ὅτε
679 2574 928 2627 Εὔμολπος
971 2569 1259 2631 ἐστράτευσε

370 2638 494 2685 κατὰ
525 2634 804 2697 Ἐρεχθέως,
834 2638 911 2685 καὶ
943 2636 1261 2693 μηκυνομένου

367 2700 555 2761 τούτου,
579 2705 782 2761 ἔχρησεν
798 2698 1086 2748 ὁἈπόλλων
1098 2698 1258 2747 ἀπαλ-

369 2767 688 2826 λαγήσεσθαι,
716 2764 800 2812 ἐάν
823 2781 895 2813 τις
916 2762 1062 2823 ἀνέλῃ
1092 2760 1262 2811 ἑαυτὸν

370 2830 490 2889 ὑπὲρ
529 2831 615 2887 τῆς
662 2827 857 2878 πόλεως.
927 2829 957 2887 ἡ
996 2828 1149 2874 τοίνυν
1176 2827 1259 2873 Ἀ-

370 2897 578 2954 γραυλος
632 2894 804 2942 ἔκουσα
852 2892 998 2950 αὐτὴν
1039 2893 1261 2949 ἐξέδωκεν

374 2960 436 3006 εἰς
471 2957 689 3005 θάνατον.
754 2958 916 3018 ἔρῤιψε
951 2957 1047 3017 γὰρ
1086 2956 1259 3010 ἑαυτὴν

372 3023 427 3070 ἐκ
468 3019 555 3069 τοῦ
597 3024 782 3081 τείχους
826 3021 970 3081 [Eur.
1003 3018 1101 3066 Ion
1147 3020 1260 3075 277,

372 3085 483 3141 278,
533 3084 765 3145 Apollod.
817 3098 877 3131 11.
922 3083 995 3132 15.
1044 3084 1111 3144 41,
1157 3084 1260 3130 εἶτα

373 3151 734 3208 ἀπαλλαγέντες
759 3149 843 3196 τοῦ
876 3149 1099 3202 πολέμου,
1137 3148 1259 3208 ἱερὸν

374 3215 492 3274 ὑπὲρ
521 3214 690 3262 τούτου
713 3212 974 3271 ἐστήσαντο
997 3209 1120 3271 αὐτῇ
1153 3212 1261 3271 περὶ

371 3278 437 3325 τὰ
480 3276 752 3338 προπύλαια
804 3280 886 3335 τῆς
940 3275 1138 3338 πόλεως,
1182 3276 1261 3322 καὶ

371 3343 533 3392 ἐκεῖσε
554 3343 730 3400 ὤμνυον
753 3340 983 3402 [observo
1016 3339 1105 3386 the
1142 3352 1259 3386 oon-

372 3403 623 3453 struotion
642 3407 747 3452 met
768 3403 892 3452 with
926 3403 984 3451 in
1019 3402 1262 3451 Classical

374 3468 563 3533 Greek]
572 3471 617 3518 οἱ
632 3471 804 3530 ἔφηβοι
815 3471 1072 3526 μέλλοντες
1093 3470 1261 3526 ἐξιέναι

373 3537 441 3583 εἰς
492 3536 711 3592 πόλεμον.
781 3530 1072 3580 Herodotus
1121 3529 1259 3590 gives

372 3597 463 3645 the
485 3596 581 3644 site
601 3597 656 3644 oi
687 3595 777 3644 the
797 3594 1028 3655 building
1058 3608 1168 3642 vm.
1197 3595 1261 3642 53

370 3664 614 3723 ἔμπροσθε
636 3660 700 3710 ὧν
726 3662 818 3723 πρὸ
849 3662 934 3722 τῆς
964 3656 1260 3722 ἀκροπόλιος.

1355 2122 1525 2171 ὄπισθε
1564 2124 1615 2171 δὲ
1651 2123 1747 2170 τῶν
1787 2123 1976 2171 πυλέων
2030 2124 2108 2171 καὶ
2158 2124 2242 2181 τῆς

1355 2186 1542 2244 ἀνόδου,
1569 2189 1633 2247 τῇ
1653 2188 1710 2244 δὴ
1737 2190 1844 2234 οὔτε
1876 2206 1947 2236 τις
1980 2187 2238 2248 ἐφύλαττε,

1356 2250 1451 2298 οὔτ’
1493 2251 1550 2298 ἂν
1586 2253 1764 2310 ἤλπισε
1796 2251 1976 2309 μήκοτέ
2015 2267 2086 2300 τις
2121 2254 2246 2299 κατὰ

1355 2332 1510 2363 ταυτα
1548 2313 1754 2376 ἀναβαίη
1788 2315 2068 2377 ἀνθρώπων,
2090 2315 2244 2375 ταύτῃ

1358 2378 1596 2441 ἀνέβησάν
1608 2396 1727 2427 τινες
1750 2378 1801 2438 (i.
1819 2393 1860 2428 e.
1889 2378 1977 2426 the
1997 2378 2242 2438 invading

1356 2442 1615 2502 Persians)
1647 2442 1772 2491 κατὰ
1800 2444 1856 2491 τὸ
1896 2443 1992 2503 ῑρὸν
2031 2445 2117 2501 τῆς
2149 2444 2241 2491 Κέ-

1357 2524 1526 2567 κροπος
1559 2507 1788 2568 θυγατρὸς
1826 2506 2114 2569 Ἀγλαύρου,
2144 2508 2240 2555 καί·

1356 2588 1523 2631 τοιπερ
1576 2571 1876 2633 ἀποκρήμνου
1944 2569 2097 2621 ἐόντος
2159 2572 2245 2619 τοῦ

1357 2637 1527 2696 χώρου.
1597 2635 1816 2684 Pausan.
1855 2649 1890 2684 1.
1922 2636 1997 2685 18.
2026 2635 2072 2684 2.

1421 2702 1447 2758 5
1471 2698 1579 2751 347.
1651 2702 1740 2757 τὴν
1763 2701 1960 2761 έρυθραῖν
1982 2699 2247 2759 θάλατταν]

1361 2762 1547 2811 “Mars
1567 2762 1846 2821 Bubmm,”
1888 2766 1920 2789 ‘⁴
1934 2762 2024 2811 the
2060 2762 2249 2810 Indian

1360 2825 1578 2884 Ocean‚”
1633 2826 1895 2887 including
1946 2826 2035 2875 the
2092 2827 2248 2876 Sinus

1358 2890 1603 2939 Arabicus
1639 2892 1768 2953 (Rea
1799 2892 1916 2949 Sea)
1951 2890 2054 2939 and
2094 2890 2249 2939 Sinus

1359 2951 1606 3005 Persicus.
1675 2954 1807 3005 Ph‘n.
1842 2954 1980 3003 Hist.
2019 2955 2137 3003 Nat.
2172 2968 2241 3004 v1.

1359 3019 1421 3066 23
1448 3019 1547 3081 (28)
1587 3022 1613 3080 ἓ
1649 3020 1756 3069 107.
1838 3019 1931 3068 See
1973 3018 2142 3067 Baehr
2178 3033 2247 3066 on

1358 3082 1545 3133 Herod.
1576 3097 1611 3130 1.
1638 3084 1683 3130 1.
1815 3083 1923 3131 The
1938 3083 2171 3143 embassy
2192 3083 2246 3129 of

1356 3146 1687 3195 Aeschinesis
1696 3146 1889 3208 spoken
1901 3148 1952 3195 of
1966 3147 2153 3207 above§
2165 3147 2240 3195 10.

1421 3214 1447 3271 5
1469 3212 1579 3260 348.
1614 3214 1650 3238 “
1668 3211 2119 3271 Contemptuously
2131 3210 2247 3258 eall·

1357 3272 1448 3334 ing
1478 3273 1649 3336 Philip
1684 3289 1716 3323 a
1749 3276 2109 3323 blood-aminea
2138 3276 2246 3322 bar-

1359 3340 1541 3387 barian
1559 3341 1588 3363 ”
1630 3337 1706 3401 (as
1740 3338 1942 3389 Thirlw.
1984 3353 2032 3387 V.
2059 3340 2153 3386 328
2188 3352 2245 3385 so

1358 3402 1471 3450 well
1482 3401 1689 3451 renders
1709 3401 1800 3451 the
1815 3401 2012 3464 words).
2147 3402 2247 3449 For

1360 3466 1614 3515 ἀποκαλῶν
1666 3480 1751 3514 see
1802 3469 1828 3526 ἓ
1881 3467 1990 3518 274.
2067 3465 2242 3526 Comp.

1358 3531 1513 3590 5351.
1581 3528 1715 3578 'that
1747 3529 1920 3592 Philip
1954 3543 2056 3579 was
2090 3530 2181 3577 not
2214 3544 2246 3578 a

1358 3594 1643 3650 barbarian,
1685 3608 1744 3642 οι·
1783 3594 1844 3642 in
1885 3594 2032 3642 other
2082 3592 2245 3641 words

1357 3672 1459 3708 was
1501 3672 1534 3709 a
1576 3658 1780 3719 Ἕλλην,
1828 3658 1875 3707 is
1927 3658 2062 3708 clear
2112 3657 2246 3705 from
