2667 4142
452 195 578 258 264
1065 181 1703 255 DEMOSTHENIS

449 345 765 414 τοιαύταις
801 343 1053 432 τέχναις
1093 344 1216 410 ὑπὸ
1251 343 1489 409 τούτων
1526 348 1652 410 τῶν
1689 343 1939 409 κάκιστ’
1971 339 2323 423 ἀπολουμέ-

451 472 573 511 νων
600 443 946 532 ἀνθρώπων
971 445 1188 511 πάντα
1213 446 1296 511 τὰ
1321 445 1643 531 πράγματ’
1674 445 1985 511 ἀπώλετο.
2065 446 2170 509 καὶ
2193 444 2321 529 *γάρ

450 573 551 612 τοι
578 550 973 635 παραχρῆμα
1013 545 1156 612 άντὶ
1194 547 1312 628 μὲν
1355 551 1464 612 τοῦ
1507 547 1795 617 Θεσπιὰς
1838 546 1946 612 καὶ
1989 546 2323 616 Πλαταιὰς

454 646 604 713 ι’δεῖν
638 647 1017 728 οἰκιζομένας
1049 646 1442 736 Ὀρχομενὸν
1479 648 1585 713 καὶ
1627 648 1985 735 Κορώνειαν
2010 647 2324 729 ἠκούσατε

450 748 1049 836 ἠνδραποδισμένας,
1095 747 1238 815 α’ντὶ
1288 749 1358 814 δὲ
1401 754 1511 814 τοῦ
1569 748 1682 818 τὰς
1738 750 1969 831 Θήβας
2025 749 2324 818 ταπεινὰς

449 851 745 934 «γενέσθαι
783 852 890 917 καὶ
928 851 1399 937 περιαιρεθῆναι
1432 850 1547 933 τὴν
1585 848 1772 935 ὕβριν
1809 851 1918 916 καὶ
1957 853 2029 917 τὸ
2065 851 2322 938 φρίνημ’

451 952 654 1019 αὐτῶν
680 953 763 1018 τὰ
790 955 915 1018 τῶν
943 953 1299 1040 συμμάχων
1336 956 1464 1018 τῶν
1495 951 1807 1037 ὑμετέρων
1835 951 2112 1019 Φωκέων
2139 955 2324 1039 τείχη

451 1054 943 1119 κατεσκάπτετο·
1002 1054 1284 1132 Θηβαῖοι
1330 1053 1383 1119 δ’
1431 1052 1599 1135 ἦσαν
1640 1055 1704 1119 οἱ
1747 1054 2322 1132 κατασκάπτοντες,

310 1164 424 1237 326
451 1158 515 1221 οἱ
539 1156 979 1226 διοικισθέντες
1017 1154 1121 1220 ὑπ’
1167 1157 1484 1243 Αἰσχίνου
1519 1162 1611 1244 τῷ
1645 1156 1838 1241 λόγῳ.
1927 1156 2067 1222 άντὶ
2106 1156 2174 1221 δὲ
2214 1163 2327 1223 τοῦ
2353 1184 2466 1239 374

451 1256 566 1339 τὴν
621 1257 906 1336 Εὔβοιαν
978 1255 1108 1323 ἄντ’
1166 1257 1619 1343 Ἀμφιπόλεως
1686 1258 1828 1341 ὑμῖν
1891 1258 2327 1344 παραδοθῆναι

453 1357 802 1446 ὁρμητήρια
841 1358 938 1445 ἐφ’
978 1357 1137 1441 ὑμᾶς
1172 1362 1238 1425 ἐν
1277 1360 1526 1448 Εὐβοίᾳ
1576 1358 1910 1430 Φίλιππος
1959 1387 2327 1446 προσκατα-

296 1473 426 1551 446
452 1461 818 1541 σκευάζεται
846 1461 952 1526 καὶ
981 1463 1309 1548 Γεραιστῷ
1335 1464 1443 1527 καὶ
1479 1461 1488 1550 Ι
1531 1462 1854 1546 Μεγάροις
1894 1463 2329 1543 ἐπιβουλεύων

452 1564 737 1630 διατελεῖ.
825 1563 966 1630 ἀντὶ
1006 1564 1072 1630 δε
1111 1569 1219 1630 τοῦ
1258 1565 1373 1631 τὸν
1412 1563 1711 1652 Ὠρωπὸν
1752 1565 1898 1643 ὑμῖν
1941 1566 2327 1647 ἀποδοθῆναι

451 1662 598 1748 περὶ
618 1662 877 1748 Δρύμου
903 1664 1009 1729 καὶ
1038 1667 1150 1745 τῆς
1176 1665 1333 1748 πρὸς
1358 1667 1677 1751 Πανάκτῳ
1699 1665 1909 1753 χώρας
1937 1666 2074 1747 μεθ’
2105 1666 2328 1732 ὅπλων

452 1763 852 1851 ἐξερχόμεθα,
898 1763 951 1842 ὅ,
1005 1763 1117 1835 ἕως
1161 1763 1328 1846 ἦσαν
1376 1768 1621 1835 Φωκεῖς
1667 1771 1838 1854 σῷοι,
1884 1766 2026 1832 οὐδὲ
2077 1767 2323 1833 πώποτ’

549 1951 704 2009 ἓ373.
778 1950 870 1998 ὑπὸ
892 1951 1072 1998 τούτων
1089 1948 1144 1999 F.
1183 1948 1239 2010 Q.
1270 1949 1327 1999 Ο.
1357 1951 1411 2012 [“
1431 1964 1538 1998 non
1563 1949 1759 1999 habet”
1779 1950 1979 2012 Voem.]
2000 1950 2051 1999 k.
2072 1961 2114 2002 r.
2139 1965 2179 2003 ει.
2207 1954 2245 2001 t.
2273 1965 2325 2001 u.

451 2027 500 2062 v.
539 2013 621 2063 Al.
659 2014 793 2074 vulg.
839 2015 957 2062 ante
992 2013 1160 2062 ΒΕΚΚ.
1193 2014 1282 2075 qui
1317 2018 1496 2063 τούτων
1527 2014 1714 2064 omisit.
1850 2018 2327 2077 ἐξηνδραποδισμένας

451 2078 510 2127 F.
552 2078 603 2125 k.
630 2092 671 2127 r.
708 2092 747 2126 e.
791 2091 843 2125 u.
884 2076 966 2125 Al.
1003 2078 1188 2125 Rmsx.
1262 2078 1385 2126 Mox
1417 2082 1492 2127 καὶ
1540 2079 1678 2142 (ante
1712 2080 2076 2145 περιαιρεθῆναι)
2123 2094 2225 2128 om.
2273 2080 2324 2129 S.

453 2145 515 2205 [“
532 2145 611 2193 καὶ
644 2156 746 2190 om.
768 2144 849 2190 ε.”
883 2141 1057 2191 Voem.
1096 2141 1185 2202 qui
1214 2144 1349 2190 tacet
1384 2142 1446 2190 de
1479 2145 1536 2190 Σ.
1561 2159 1598 2192 ε.
1629 2143 1845 2191 fortasse
1875 2144 2043 2203 operis
2076 2143 2323 2206 debetur]

451 2206 679 2254 ——Pro
703 2207 1047 2262 διοικισθέντες,
1066 2207 1372 2268 διαιρεθέντες
1395 2206 1520 2255 ὥστε
1536 2210 1603 2266 μὴ
1625 2208 1742 2266 ὁμοῦ
1755 2210 1895 2255 οἰκεῖν
1908 2211 2238 2257 διοικισθέντες
2266 2208 2323 2255 Ο.

458 2270 933 2331 “interpretatione
973 2270 1128 2318 simul
1159 2270 1305 2318 illata
1348 2271 1407 2318 in
1443 2272 1656 2321 textum.
1718 2271 1793 2322 Of.
1834 2271 2132 2332 Harpocrat.
2169 2286 2218 2334 p.
2265 2272 2327 2319 54

451 2332 746 2394 Ed.1.ips.”
813 2333 1027 2382 Scmr.

551 2402 578 2458 ἕ
601 2399 709 2449 374.
783 2401 971 2456 Δρύμου
1005 2398 1168 2447 Bmm.
1225 2397 1413 2461 Δρυμοῦ
1438 2397 1498 2447 Y.
1534 2397 1594 2459 Q.
1628 2398 1686 2448 O.
1716 2413 1758 2446 r.
1789 2400 1828 2447 t.
1859 2412 1907 2449 u.
1933 2414 1980 2450 V.
2020 2399 2118 2449 En.
2146 2400 2326 2448 Tumc.

451 2462 607 2511 Dmn.
631 2462 802 2510 Vonu.
824 2462 993 2510 anx.
1018 2465 1079 2512 st.
1154 2462 1253 2512 Sed
1283 2465 1421 2511 reete
1457 2462 1672 2512 ὅσων.
1682 2465 1923 2513 --τέως
1958 2463 2093 2524 libri,
2120 2466 2179 2512 ut
2205 2464 2326 2512 citat

456 2526 623 2575 Schol.
654 2526 876 2586 Platon„
899 2525 1055 2587 Hipp.
1099 2527 1193 2576 229
1215 2525 1261 2573 D
1288 2526 1397 2590 (qui
1434 2540 1524 2587 pro
1561 2530 1644 2575 τὸν
1675 2529 1904 2588 Ὠρωπὸν,
1934 2527 2179 2592 Εὔβοιαν).
2247 2530 2330 2578 ἔως

451 2590 607 2638 Dmn.
633 2604 679 2651 q.
705 2589 857 2638 hodie
878 2590 1058 2651 recepi,
1084 2604 1379 2651 quanquam
1401 2591 1615 2639 fortasse
1637 2605 1814 2640 verum
1835 2590 1965 2639 vidit
1979 2591 2326 2640 Bnttmannus

451 2656 566 2704 Ind.
612 2655 742 2703 Μία.
787 2667 840 2714 p.
887 2655 980 2703 187
1024 2654 1316 2715 ubicunque
1354 2658 1471 2704 τέως
1523 2669 1616 2717 pro
1655 2657 1740 2705 ἔως
1775 2657 2066 2716 usurpetur,
2107 2659 2326 2704 “veram

452 2836 560 2875 των,
604 2820 698 2866 not
736 2820 857 2882 only
889 2820 1103 2870 because
1140 2823 1194 2870 of
1226 2821 1335 2873 MS.
1441 2820 1526 2870 his
1555 2821 1844 2883 operatione
1878 2838 2017 2885 upon
2050 2839 2168 2886 you.
2237 2826 2330 2876 See

453 2882 729 2944 authority,
764 2884 857 2933 but
899 2886 979 2932 for
1015 2900 1224 2934 reasons
1264 2886 1346 2934 in-
1440 2898 1490 2946 p.
1518 2886 1615 2935 409
1647 2888 1804 2946 §2st
1872 2888 1967 2938 See
2001 2887 2244 2939 cherson.
2278 2906 2324 2952 p.

452 2945 693 3007 telligible
727 2950 781 2995 to
811 2949 881 2997 all
913 2949 1025 2996 who
1059 2949 1188 2999 have
1221 2951 1344 2998 read
1445 2951 1537 2999 106
1575 2953 1603 3010 fi
1642 2951 1703 3000 66
1747 2954 2179 3011 κατασκευάζοντος
2223 2958 2328 3015 ὑμῖν

452 3009 542 3057 the
562 3013 683 3059 note
704 3026 772 3059 on
798 3016 825 3073 5
849 3014 925 3062 70.
1058 3015 1114 3065 Θ.
1143 3033 1184 3065 κ.
1219 3015 1344 3076 Πλ.]
1443 3015 1826 3075 ἐπιτείχισμα
1866 3020 1956 3077 τὴν
1987 3019 2205 3079 Εὔβοιαν.
2279 3022 2327 3067 ἀ·

454 3074 548 3123 Soe
570 3077 619 3135 ἐξ
641 3077 719 3135 23,
742 3078 821 3137 47,
841 3075 949 3135 122,
970 3078 1077 3126 154.

1212 3096 1342 3140 περι·
1443 3082 1604 3139 φορμὴ
1640 3078 1686 3127 is
1723 3093 1780 3127 so
1816 3080 1958 3139 used,
1993 3081 2118 3130 Mid.
2152 3097 2202 3143 p.
2236 3084 2331 3133 546

454 3141 713 3201 αιρεθῆναι]
740 3140 1030 3189 Scmmn:
1057 3146 1089 3169 “
1104 3142 1214 3189 Vox
1232 3142 1286 3190 h.
1305 3142 1342 3190 1.
1442 3143 1547 3202 §98
1569 3144 1838 3204 compared
1852 3144 1977 3193 with
1991 3159 2042 3206 p.
2061 3147 2157 3197 559
2174 3151 2200 3208 5
2220 3150 2328 3205 137,

452 3202 753 3254 lectissima:
776 3204 962 3266 quippe
974 3219 1225 3264 congener
1235 3206 1345 3267 ejus
1444 3207 2232 3275 138.--προσκατασκευάζ·εται]
2248 3213 2333 3261 “is

406 3284 411 3289 ·
454 3268 532 3314 est
575 3270 936 3318 κατεσκάπτετο
976 3283 1026 3317 v.
1070 3271 1151 3326 25,
1198 3273 1346 3320 οἰκίας
1443 3284 1509 3318 οτι
1541 3271 1623 3320 the
1651 3279 1887 3336 contrary
1921 3274 1997 3333 (ας
2027 3289 2062 3322 α
2090 3283 2197 3338 step
2219 3279 2331 3340 fur·

454 3334 855 3392 κατεσκαμμένας,
873 3335 1012 3393 τείχη
1028 3337 1347 3396 περιῃρημένα
1445 3335 1566 3384 ther.
1636 3334 1793 3383 Latin
1822 3339 1976 3398 ultro)
2009 3339 2331 3404 preparing.”

452 3408 500 3454 p.
516 3395 629 3453 361,
643 3397 753 3445 21.”
887 3399 1229 3460 διοικισθέντες]
1251 3397 1345 3447 See
1445 3397 1513 3447 So
1538 3417 1574 3445 π·
1582 3417 1610 3457 ρ
1624 3403 2109 3463 οσεξηνδραπόδισται
2131 3407 2157 3463 ἓ
2181 3404 2290 3453 122.

452 3458 609 3506 above
629 3463 655 3519 g
677 3461 755 3510 92.
1501 3462 1615 3512 446.
1642 3465 1669 3523 ἕ
1692 3465 1801 3517 374.
1852 3467 2058 3529 Δρύμου]
2089 3467 2333 3530 Harpocr.

517 3525 545 3580 ς
579 3523 690 3574 874.
758 3524 1037 3586 ὁρμητήρια]
1116 3525 1342 3573 “Places
1444 3528 1625 3587 Δρύμος
1675 3528 1778 3589 [see
1820 3532 1952 3577 Anu.
1996 3531 2146 3593 Oria]
2199 3534 2335 3583 πόλις

454 3585 586 3631 from
613 3584 778 3632 which
806 3586 875 3634 he
906 3602 1002 3634 can
1034 3588 1211 3645 start,”
1244 3588 1278 3639 i.
1294 3605 1340 3638 e.
1444 3593 1623 3650 μεταξὺ
1645 3593 1868 3641 Βοιωτίας
1890 3595 1968 3642 καὶ
1990 3597 2075 3654 τῆς
2100 3594 2332 3656 ’Δττικῆς.

454 3645 620 3694 which
640 3647 743 3695 will
769 3662 909 3698 serve
937 3664 994 3699 as
1024 3652 1112 3700 the
1141 3652 1260 3701 base
1289 3654 1344 3701 of
1446 3657 1745 3715 Δημοσθένης
1768 3658 1818 3706 ἐν
1838 3659 1909 3720 τῷ
1938 3661 2042 3720 περὶ
2069 3661 2154 3721 τῆς
2182 3679 2329 3724 παρα·
