<?xml version="1.0" encoding="UTF-8"?>
<!DOCTYPE html PUBLIC "-//W3C//DTD XHTML 1.0 Transitional//EN"
    "http://www.w3.org/TR/xhtml1/DTD/xhtml1-transitional.dtd">
<html xmlns="http://www.w3.org/1999/xhtml" xml:lang="en" lang="en">
 <head>
  <title>
</title>
<meta http-equiv="Content-Type" content="text/html;charset=utf-8" />
  <meta name='ocr-system' content='tesseract 3.04.00' />
  <meta name='ocr-capabilities' content='ocr_page ocr_carea ocr_par ocr_line ocrx_word'/>
</head>
<body>
  <div class='ocr_page' id='page_1' title='image "./demosthenisdefa02shilgoog_0248.png"; bbox 0 0 2667 4142; ppageno 0'>
   <div class='ocr_carea' id='block_1_1' title="bbox 420 152 1674 220">
    <p class='ocr_par' dir='ltr' id='par_1_1' title="bbox 420 152 1674 220">
     <span class='ocr_line' id='line_1_1' title="bbox 420 152 1674 220; baseline 0 -2"><span class='ocrx_word' id='word_1_1' title='bbox 420 155 546 218; x_wconf 74' lang='lat'>224</span> <span class='ocrx_word' id='word_1_2' title='bbox 1033 153 1588 220; x_wconf 88' lang='lat' dir='ltr'>DEMOSTHEN</span> <span class='ocrx_word' id='word_1_3' title='bbox 1590 152 1674 218; x_wconf 88' lang='lat' dir='ltr'>IS</span> 
     </span>
    </p>
   </div>
   <div class='ocr_carea' id='block_1_2' title="bbox 260 310 2436 2131">
    <p class='ocr_par' dir='ltr' id='par_1_2' title="bbox 260 310 2436 2131">
     <span class='ocr_line' id='line_1_2' title="bbox 414 310 2299 400; baseline -0.001 -22"><span class='ocrx_word' id='word_1_4' title='bbox 414 314 607 397; x_wconf 84' lang='grc' dir='ltr'>μένην</span> <span class='ocrx_word' id='word_1_5' title='bbox 635 310 882 400; x_wconf 82' lang='grc' dir='ltr'>εἰρήνην</span> <span class='ocrx_word' id='word_1_6' title='bbox 900 312 1415 399; x_wconf 80' lang='grc' dir='ltr'>πρεσβεύσαντα,</span> <span class='ocrx_word' id='word_1_7' title='bbox 1443 311 1644 379; x_wconf 75' lang='grc' dir='ltr'>ἵππου</span> <span class='ocrx_word' id='word_1_8' title='bbox 1669 312 1786 394; x_wconf 85' lang='grc' dir='ltr'>μὲν</span> <span class='ocrx_word' id='word_1_9' title='bbox 1808 310 2035 399; x_wconf 80' lang='grc' dir='ltr'>δρόμον</span> <span class='ocrx_word' id='word_1_10' title='bbox 2061 310 2299 400; x_wconf 82' lang='grc' dir='ltr'>ἡμέρας</span> 
     </span>
     <span class='ocr_line' id='line_1_3' title="bbox 260 414 2293 504; baseline -0.001 -23"><span class='ocrx_word' id='word_1_11' title='bbox 260 435 389 502; x_wconf 83' lang='grc'>429</span> <span class='ocrx_word' id='word_1_12' title='bbox 417 417 571 500; x_wconf 86' lang='grc' dir='ltr'>πεζῇ</span> <span class='ocrx_word' id='word_1_13' title='bbox 627 416 716 498; x_wconf 89' lang='grc' dir='ltr'>μὴ</span> <span class='ocrx_word' id='word_1_14' title='bbox 775 414 1182 494; x_wconf 80' lang='grc' dir='ltr'>καταβαίνειν</span> <span class='ocrx_word' id='word_1_15' title='bbox 1214 416 1226 504; x_wconf 82' lang='grc'>1</span> <span class='ocrx_word' id='word_1_16' title='bbox 1266 415 1376 481; x_wconf 87' lang='grc' dir='ltr'>ε’πὶ</span> <span class='ocrx_word' id='word_1_17' title='bbox 1433 415 1547 497; x_wconf 83' lang='grc' dir='ltr'>τὴν</span> <span class='ocrx_word' id='word_1_18' title='bbox 1606 415 1932 481; x_wconf 85' lang='grc' dir='ltr'>θάλατταν</span> <span class='ocrx_word' id='word_1_19' title='bbox 1986 414 2293 494; x_wconf 73' lang='grc' dir='ltr'>βασιλέα,</span> 
     </span>
     <span class='ocr_line' id='line_1_4' title="bbox 415 515 2292 603; baseline 0 -22"><span class='ocrx_word' id='word_1_20' title='bbox 415 516 586 586; x_wconf 85' lang='grc' dir='ltr'>ἐντὸς</span> <span class='ocrx_word' id='word_1_21' title='bbox 634 515 703 580; x_wconf 85' lang='grc' dir='ltr'>δὲ</span> <span class='ocrx_word' id='word_1_22' title='bbox 745 515 1129 582; x_wconf 82' lang='grc' dir='ltr'>Χελιδονίων</span> <span class='ocrx_word' id='word_1_23' title='bbox 1176 518 1284 582; x_wconf 85' lang='grc' dir='ltr'>καὶ</span> <span class='ocrx_word' id='word_1_24' title='bbox 1333 515 1631 582; x_wconf 86' lang='grc' dir='ltr'>Κυανέων</span> <span class='ocrx_word' id='word_1_25' title='bbox 1679 515 1888 603; x_wconf 78' lang='grc' dir='ltr'>πλοίῳ</span> <span class='ocrx_word' id='word_1_26' title='bbox 1935 520 2161 603; x_wconf 80' lang='grc' dir='ltr'>μακρῷ</span> <span class='ocrx_word' id='word_1_27' title='bbox 2202 518 2292 600; x_wconf 86' lang='grc' dir='ltr'>μὴ</span> 
     </span>
     <span class='ocr_line' id='line_1_5' title="bbox 412 616 2293 705; baseline 0.002 -24"><span class='ocrx_word' id='word_1_28' title='bbox 412 620 618 691; x_wconf 85' lang='grc' dir='ltr'>πλεῖν,</span> <span class='ocrx_word' id='word_1_29' title='bbox 649 616 746 682; x_wconf 73' lang='grc' dir='ltr'>ὅτι</span> <span class='ocrx_word' id='word_1_30' title='bbox 778 616 947 702; x_wconf 78' lang='grc' dir='ltr'>δῶρα</span> <span class='ocrx_word' id='word_1_31' title='bbox 984 619 1214 696; x_wconf 84' lang='grc' dir='ltr'>λαβεῖν</span> <span class='ocrx_word' id='word_1_32' title='bbox 1243 617 1416 700; x_wconf 81' lang='grc' dir='ltr'>ἔδοξε</span> <span class='ocrx_word' id='word_1_33' title='bbox 1443 618 1872 703; x_wconf 75' lang='grc' dir='ltr'>πρεσβεύσας,</span> <span class='ocrx_word' id='word_1_34' title='bbox 1902 624 2132 705; x_wconf 83' lang='grc' dir='ltr'>μικροῦ</span> <span class='ocrx_word' id='word_1_35' title='bbox 2175 620 2293 699; x_wconf 89' lang='grc' dir='ltr'>μὲν</span> 
     </span>
     <span class='ocr_line' id='line_1_6' title="bbox 411 717 2289 807; baseline 0.001 -23"><span class='ocrx_word' id='word_1_36' title='bbox 411 717 799 797; x_wconf 77' lang='grc' dir='ltr'>ἀπέκτειναν,</span> <span class='ocrx_word' id='word_1_37' title='bbox 832 720 898 784; x_wconf 85' lang='grc' dir='ltr'>ἐν</span> <span class='ocrx_word' id='word_1_38' title='bbox 927 718 995 785; x_wconf 83' lang='grc' dir='ltr'>δὲ</span> <span class='ocrx_word' id='word_1_39' title='bbox 1036 723 1173 789; x_wconf 86' lang='grc' dir='ltr'>ταῖς</span> <span class='ocrx_word' id='word_1_40' title='bbox 1203 719 1484 789; x_wconf 74' lang='grc' dir='ltr'>εὐθύναις</span> <span class='ocrx_word' id='word_1_41' title='bbox 1512 718 1903 800; x_wconf 85' lang='grc' dir='ltr'>πεντήκοντα</span> <span class='ocrx_word' id='word_1_42' title='bbox 1932 720 2289 807; x_wconf 80' lang='grc' dir='ltr'>ἐπράξαντο</span> 
     </span>
     <span class='ocr_line' id='line_1_7' title="bbox 276 821 2436 911; baseline 0.003 -24"><span class='ocrx_word' id='word_1_43' title='bbox 276 846 389 902; x_wconf 89' lang='lat'>274</span> <span class='ocrx_word' id='word_1_44' title='bbox 410 821 712 888; x_wconf 79' lang='grc' dir='ltr'>τάλαντα.</span> <span class='ocrx_word' id='word_1_45' title='bbox 799 822 1005 887; x_wconf 88' lang='grc' dir='ltr'>καίτοι</span> <span class='ocrx_word' id='word_1_46' title='bbox 1047 822 1292 887; x_wconf 85' lang='grc' dir='ltr'>καλλίω</span> <span class='ocrx_word' id='word_1_47' title='bbox 1341 822 1570 903; x_wconf 83' lang='grc' dir='ltr'>ταύτης</span> <span class='ocrx_word' id='word_1_48' title='bbox 1605 822 1852 908; x_wconf 80' lang='grc' dir='ltr'>εἰρήνην</span> <span class='ocrx_word' id='word_1_49' title='bbox 1880 823 2023 888; x_wconf 84' lang='grc' dir='ltr'>οὔτε</span> <span class='ocrx_word' id='word_1_50' title='bbox 2062 823 2288 908; x_wconf 88' lang='grc' dir='ltr'>πρότε-</span> <span class='ocrx_word' id='word_1_51' title='bbox 2314 855 2348 911; x_wconf 84' lang='grc'>3</span> <span class='ocrx_word' id='word_1_52' title='bbox 2365 857 2436 895; x_wconf 86' lang='lat'>12</span> 
     </span>
     <span class='ocr_line' id='line_1_8' title="bbox 408 922 2290 1012; baseline 0.002 -24"><span class='ocrx_word' id='word_1_53' title='bbox 408 951 521 1006; x_wconf 90' lang='grc' dir='ltr'>ρον</span> <span class='ocrx_word' id='word_1_54' title='bbox 549 922 679 989; x_wconf 80' lang='grc' dir='ltr'>οὔθ’</span> <span class='ocrx_word' id='word_1_55' title='bbox 710 924 973 1011; x_wconf 71' lang='grc' dir='ltr'>ὕστερον</span> <span class='ocrx_word' id='word_1_56' title='bbox 1003 923 1197 995; x_wconf 77' lang='grc' dir='ltr'>οὐδεὶς</span> <span class='ocrx_word' id='word_1_57' title='bbox 1225 923 1304 990; x_wconf 78' lang='grc' dir='ltr'>ἂν</span> <span class='ocrx_word' id='word_1_58' title='bbox 1334 925 1531 990; x_wconf 86' lang='grc' dir='ltr'>εἰπεῖν</span> <span class='ocrx_word' id='word_1_59' title='bbox 1561 923 1701 1012; x_wconf 84' lang='grc' dir='ltr'>ἔχοι</span> <span class='ocrx_word' id='word_1_60' title='bbox 1723 924 2154 1007; x_wconf 81' lang='grc' dir='ltr'>πεποιημένην</span> <span class='ocrx_word' id='word_1_61' title='bbox 2174 926 2290 1007; x_wconf 85' lang='grc' dir='ltr'>τὴν</span> 
     </span>
     <span class='ocr_line' id='line_1_9' title="bbox 409 1025 2287 1112; baseline 0.001 -22"><span class='ocrx_word' id='word_1_62' title='bbox 409 1028 622 1092; x_wconf 87' lang='grc' dir='ltr'>πόλιν.</span> <span class='ocrx_word' id='word_1_63' title='bbox 677 1025 823 1091; x_wconf 81' lang='grc' dir='ltr'>ἀλλ’</span> <span class='ocrx_word' id='word_1_64' title='bbox 847 1026 918 1092; x_wconf 79' lang='grc' dir='ltr'>οὐ</span> <span class='ocrx_word' id='word_1_65' title='bbox 948 1025 1114 1092; x_wconf 83' lang='grc' dir='ltr'>τοῦτ’</span> <span class='ocrx_word' id='word_1_66' title='bbox 1140 1026 1468 1103; x_wconf 85' lang='grc' dir='ltr'>ἐσκόπουν,</span> <span class='ocrx_word' id='word_1_67' title='bbox 1491 1026 1714 1092; x_wconf 80' lang='grc' dir='ltr'>τούτου</span> <span class='ocrx_word' id='word_1_68' title='bbox 1741 1027 1857 1107; x_wconf 88' lang='grc' dir='ltr'>μὲν</span> <span class='ocrx_word' id='word_1_69' title='bbox 1876 1026 1999 1112; x_wconf 66' lang='grc' dir='ltr'>«γὰρ</span> <span class='ocrx_word' id='word_1_70' title='bbox 2021 1025 2287 1108; x_wconf 63' lang='grc' dir='ltr'>ήογοῦντο</span> 
     </span>
     <span class='ocr_line' id='line_1_10' title="bbox 410 1127 2290 1215; baseline 0.001 -23"><span class='ocrx_word' id='word_1_71' title='bbox 410 1129 524 1209; x_wconf 86' lang='grc' dir='ltr'>τὴν</span> <span class='ocrx_word' id='word_1_72' title='bbox 563 1128 767 1195; x_wconf 83' lang='grc' dir='ltr'>αὑτῶν</span> <span class='ocrx_word' id='word_1_73' title='bbox 812 1127 1037 1215; x_wconf 80' lang='grc' dir='ltr'>ἀρετὴν</span> <span class='ocrx_word' id='word_1_74' title='bbox 1082 1127 1190 1193; x_wconf 84' lang='grc' dir='ltr'>καὶ</span> <span class='ocrx_word' id='word_1_75' title='bbox 1236 1127 1350 1207; x_wconf 89' lang='grc' dir='ltr'>τὴν</span> <span class='ocrx_word' id='word_1_76' title='bbox 1396 1131 1507 1208; x_wconf 83' lang='grc' dir='ltr'>τῆς</span> <span class='ocrx_word' id='word_1_77' title='bbox 1554 1128 1798 1198; x_wconf 85' lang='grc' dir='ltr'>πόλεως</span> <span class='ocrx_word' id='word_1_78' title='bbox 1844 1128 2033 1211; x_wconf 82' lang='grc' dir='ltr'>δόξαν</span> <span class='ocrx_word' id='word_1_79' title='bbox 2078 1129 2290 1194; x_wconf 82' lang='grc' dir='ltr'>αἰτίαν</span> 
     </span>
     <span class='ocr_line' id='line_1_11' title="bbox 410 1229 2287 1317; baseline 0.002 -22"><span class='ocrx_word' id='word_1_80' title='bbox 410 1229 584 1308; x_wconf 84' lang='grc' dir='ltr'>εἶναι,</span> <span class='ocrx_word' id='word_1_81' title='bbox 615 1234 728 1297; x_wconf 93' lang='grc' dir='ltr'>τοῦ</span> <span class='ocrx_word' id='word_1_82' title='bbox 756 1231 825 1298; x_wconf 87' lang='grc' dir='ltr'>δὲ</span> <span class='ocrx_word' id='word_1_83' title='bbox 852 1235 1088 1315; x_wconf 86' lang='grc' dir='ltr'>προῖκα</span> <span class='ocrx_word' id='word_1_84' title='bbox 1115 1230 1152 1311; x_wconf 88' lang='grc' dir='ltr'>ἢ</span> <span class='ocrx_word' id='word_1_85' title='bbox 1197 1231 1287 1314; x_wconf 87' lang='grc' dir='ltr'>μὴ</span> <span class='ocrx_word' id='word_1_86' title='bbox 1315 1231 1425 1297; x_wconf 84' lang='grc' dir='ltr'>τὸν</span> <span class='ocrx_word' id='word_1_87' title='bbox 1454 1230 1689 1317; x_wconf 87' lang='grc' dir='ltr'>τρόπον</span> <span class='ocrx_word' id='word_1_88' title='bbox 1719 1236 1831 1297; x_wconf 92' lang='grc' dir='ltr'>τοῦ</span> <span class='ocrx_word' id='word_1_89' title='bbox 1864 1234 2287 1315; x_wconf 86' lang='grc' dir='ltr'>πρεσβευτοῦ·</span> 
     </span>
     <span class='ocr_line' id='line_1_12' title="bbox 409 1332 2286 1422; baseline 0.001 -25"><span class='ocrx_word' id='word_1_90' title='bbox 409 1336 630 1399; x_wconf 89' lang='grc' dir='ltr'>τοῦτον</span> <span class='ocrx_word' id='word_1_91' title='bbox 659 1332 767 1399; x_wconf 79' lang='grc' dir='ltr'>οὖν</span> <span class='ocrx_word' id='word_1_92' title='bbox 810 1334 1048 1399; x_wconf 87' lang='grc' dir='ltr'>δίκαιον</span> <span class='ocrx_word' id='word_1_93' title='bbox 1076 1332 1289 1417; x_wconf 82' lang='grc' dir='ltr'>ἠξίουν</span> <span class='ocrx_word' id='word_1_94' title='bbox 1331 1334 1732 1422; x_wconf 84' lang='grc' dir='ltr'>παρέχεσθαι</span> <span class='ocrx_word' id='word_1_95' title='bbox 1763 1333 1867 1397; x_wconf 87' lang='grc' dir='ltr'>καὶ</span> <span class='ocrx_word' id='word_1_96' title='bbox 1898 1333 2286 1420; x_wconf 82' lang='grc' dir='ltr'>ἀδωροδόκη-</span> 
     </span>
     <span class='ocr_line' id='line_1_13' title="bbox 274 1436 2433 1522; baseline 0 -20"><span class='ocrx_word' id='word_1_97' title='bbox 274 1461 382 1520; x_wconf 84' lang='lat'>275</span> <span class='ocrx_word' id='word_1_98' title='bbox 408 1463 520 1501; x_wconf 86' lang='grc' dir='ltr'>τον</span> <span class='ocrx_word' id='word_1_99' title='bbox 566 1438 672 1501; x_wconf 86' lang='grc' dir='ltr'>τὸν</span> <span class='ocrx_word' id='word_1_100' title='bbox 720 1436 1073 1522; x_wconf 85' lang='grc' dir='ltr'>προσιόντα</span> <span class='ocrx_word' id='word_1_101' title='bbox 1123 1441 1253 1506; x_wconf 92' lang='grc' dir='ltr'>τοῖς</span> <span class='ocrx_word' id='word_1_102' title='bbox 1302 1437 1543 1505; x_wconf 75' lang='grc' dir='ltr'>κοινοῖς.</span> <span class='ocrx_word' id='word_1_103' title='bbox 1635 1437 1856 1502; x_wconf 86' lang='grc' dir='ltr'>ἐκεῖνοι</span> <span class='ocrx_word' id='word_1_104' title='bbox 1909 1436 2027 1519; x_wconf 87' lang='grc' dir='ltr'>μὲν</span> <span class='ocrx_word' id='word_1_105' title='bbox 2077 1439 2288 1503; x_wconf 88' lang='grc' dir='ltr'>τοίνυν</span> <span class='ocrx_word' id='word_1_106' title='bbox 2310 1457 2433 1513; x_wconf 81' lang='grc'>313</span> 
     </span>
     <span class='ocr_line' id='line_1_14' title="bbox 409 1535 2286 1623; baseline 0.001 -20"><span class='ocrx_word' id='word_1_107' title='bbox 409 1537 602 1608; x_wconf 69' lang='grc' dir='ltr'>οὕτως</span> <span class='ocrx_word' id='word_1_108' title='bbox 649 1536 877 1623; x_wconf 82' lang='grc' dir='ltr'>ἐχθρὸν</span> <span class='ocrx_word' id='word_1_109' title='bbox 913 1535 1177 1618; x_wconf 74' lang='grc' dir='ltr'>ἡγοῦντο</span> <span class='ocrx_word' id='word_1_110' title='bbox 1229 1536 1303 1602; x_wconf 84' lang='grc' dir='ltr'>τὸ</span> <span class='ocrx_word' id='word_1_111' title='bbox 1349 1537 1712 1623; x_wconf 86' lang='grc' dir='ltr'>δωροδοκεῖν</span> <span class='ocrx_word' id='word_1_112' title='bbox 1759 1539 1865 1603; x_wconf 90' lang='grc' dir='ltr'>καὶ</span> <span class='ocrx_word' id='word_1_113' title='bbox 1908 1537 2286 1607; x_wconf 83' lang='grc' dir='ltr'>ἀλυσιτελὲς</span> 
     </span>
     <span class='ocr_line' id='line_1_15' title="bbox 408 1637 2285 1726; baseline 0.001 -22"><span class='ocrx_word' id='word_1_114' title='bbox 408 1644 486 1724; x_wconf 84' lang='grc' dir='ltr'>τῇ</span> <span class='ocrx_word' id='word_1_115' title='bbox 533 1640 736 1716; x_wconf 88' lang='grc' dir='ltr'>πόλει,</span> <span class='ocrx_word' id='word_1_116' title='bbox 766 1637 931 1704; x_wconf 83' lang='grc' dir='ltr'>ὥστε</span> <span class='ocrx_word' id='word_1_117' title='bbox 972 1638 1118 1722; x_wconf 79' lang='grc' dir='ltr'>μήτ’</span> <span class='ocrx_word' id='word_1_118' title='bbox 1168 1640 1276 1706; x_wconf 88' lang='grc' dir='ltr'>ἐπὶ</span> <span class='ocrx_word' id='word_1_119' title='bbox 1325 1642 1612 1726; x_wconf 82' lang='grc' dir='ltr'>πράξεως</span> <span class='ocrx_word' id='word_1_120' title='bbox 1658 1640 1962 1721; x_wconf 78' lang='grc' dir='ltr'>μηδεμιᾶς</span> <span class='ocrx_word' id='word_1_121' title='bbox 2006 1639 2152 1722; x_wconf 84' lang='grc' dir='ltr'>μήτ’</span> <span class='ocrx_word' id='word_1_122' title='bbox 2185 1639 2285 1705; x_wconf 83' lang='grc' dir='ltr'>ἐπ’</span> 
     </span>
     <span class='ocr_line' id='line_1_16' title="bbox 408 1740 2283 1832; baseline 0 -26"><span class='ocrx_word' id='word_1_123' title='bbox 408 1742 625 1832; x_wconf 82' lang='grc' dir='ltr'>ἀνδρὸς</span> <span class='ocrx_word' id='word_1_124' title='bbox 676 1743 783 1807; x_wconf 84' lang='grc' dir='ltr'>ε’ᾶν</span> <span class='ocrx_word' id='word_1_125' title='bbox 828 1742 1175 1825; x_wconf 64' lang='grc' dir='ltr'>νγίνγνεσθαι·</span> <span class='ocrx_word' id='word_1_126' title='bbox 1233 1741 1406 1825; x_wconf 80' lang='grc' dir='ltr'>ὑμεῖς</span> <span class='ocrx_word' id='word_1_127' title='bbox 1454 1742 1538 1819; x_wconf 84' lang='grc' dir='ltr'>δέ,</span> <span class='ocrx_word' id='word_1_128' title='bbox 1589 1740 1638 1807; x_wconf 82' lang='grc' dir='ltr'><strong><em>ὦ</em></strong></span> <span class='ocrx_word' id='word_1_129' title='bbox 1685 1742 1901 1828; x_wconf 78' lang='grc' dir='ltr'>ἄνδρες</span> <span class='ocrx_word' id='word_1_130' title='bbox 1938 1741 2283 1823; x_wconf 85' lang='grc' dir='ltr'>Ἀθηναῖοι,</span> 
     </span>
     <span class='ocr_line' id='line_1_17' title="bbox 407 1842 2287 1933; baseline 0 -25"><span class='ocrx_word' id='word_1_131' title='bbox 407 1845 521 1924; x_wconf 84' lang='grc' dir='ltr'>τὴν</span> <span class='ocrx_word' id='word_1_132' title='bbox 567 1843 758 1924; x_wconf 78' lang='grc' dir='ltr'>αὐτὴν</span> <span class='ocrx_word' id='word_1_133' title='bbox 805 1844 1052 1931; x_wconf 86' lang='grc' dir='ltr'>εἰρήνην</span> <span class='ocrx_word' id='word_1_134' title='bbox 1080 1843 1442 1930; x_wconf 72' lang='grc' dir='ltr'>ἑωρακότες</span> <span class='ocrx_word' id='word_1_135' title='bbox 1488 1844 1570 1909; x_wconf 84' lang='grc' dir='ltr'>τὰ</span> <span class='ocrx_word' id='word_1_136' title='bbox 1611 1842 1729 1926; x_wconf 88' lang='grc' dir='ltr'>μὲν</span> <span class='ocrx_word' id='word_1_137' title='bbox 1772 1845 1897 1909; x_wconf 79' lang='grc' dir='ltr'>τῶν</span> <span class='ocrx_word' id='word_1_138' title='bbox 1927 1845 2287 1933; x_wconf 83' lang='grc' dir='ltr'>συμμάχων</span> 
     </span>
     <span class='ocr_line' id='line_1_18' title="bbox 407 1946 2287 2035; baseline 0.001 -23"><span class='ocrx_word' id='word_1_139' title='bbox 407 1951 530 2014; x_wconf 78' lang='grc' dir='ltr'>τῶν</span> <span class='ocrx_word' id='word_1_140' title='bbox 559 1947 868 2033; x_wconf 81' lang='grc' dir='ltr'>ὑμετέρων</span> <span class='ocrx_word' id='word_1_141' title='bbox 888 1947 1070 2035; x_wconf 84' lang='grc' dir='ltr'>τείχη</span> <span class='ocrx_word' id='word_1_142' title='bbox 1102 1949 1539 2033; x_wconf 84' lang='grc' dir='ltr'>καθῃρηκυῖαν,</span> <span class='ocrx_word' id='word_1_143' title='bbox 1565 1946 1674 2016; x_wconf 83' lang='grc' dir='ltr'>τὰς</span> <span class='ocrx_word' id='word_1_144' title='bbox 1703 1946 1770 2011; x_wconf 89' lang='grc' dir='ltr'>δὲ</span> <span class='ocrx_word' id='word_1_145' title='bbox 1798 1951 1923 2011; x_wconf 81' lang='grc' dir='ltr'>τῶν</span> <span class='ocrx_word' id='word_1_146' title='bbox 1944 1947 2287 2034; x_wconf 81' lang='grc' dir='ltr'>πρέσβεων</span> 
     </span>
     <span class='ocr_line' id='line_1_19' title="bbox 408 2046 2289 2131; baseline 0 -18"><span class='ocrx_word' id='word_1_147' title='bbox 408 2049 606 2119; x_wconf 82' lang='grc' dir='ltr'>οἰκίας</span> <span class='ocrx_word' id='word_1_148' title='bbox 634 2049 1104 2131; x_wconf 87' lang='grc' dir='ltr'>οἰκοδομοῦσαν,</span> <span class='ocrx_word' id='word_1_149' title='bbox 1136 2049 1245 2114; x_wconf 86' lang='grc' dir='ltr'>καὶ</span> <span class='ocrx_word' id='word_1_150' title='bbox 1292 2049 1375 2113; x_wconf 82' lang='grc' dir='ltr'>τὰ</span> <span class='ocrx_word' id='word_1_151' title='bbox 1417 2048 1533 2130; x_wconf 87' lang='grc' dir='ltr'>μὲν</span> <span class='ocrx_word' id='word_1_152' title='bbox 1561 2053 1673 2129; x_wconf 85' lang='grc' dir='ltr'>τῆς</span> <span class='ocrx_word' id='word_1_153' title='bbox 1702 2046 1947 2117; x_wconf 86' lang='grc' dir='ltr'>πόλεως</span> <span class='ocrx_word' id='word_1_154' title='bbox 1992 2048 2289 2130; x_wconf 89' lang='grc' dir='ltr'>κτήματα</span> 
     </span>
    </p>
   </div>
   <div class='ocr_carea' id='block_1_3' title="bbox 164 884 177 913">
    <p class='ocr_par' dir='ltr' id='par_1_3' title="bbox 164 884 177 913">
     <span class='ocr_line' id='line_1_20' title="bbox 164 884 177 913; baseline 0 0"><span class='ocrx_word' id='word_1_155' title='bbox 164 884 177 913; x_wconf 62' lang='grc' dir='ltr'><strong>Χ</strong></span> 
     </span>
    </p>
   </div>
   <div class='ocr_carea' id='block_1_4' title="bbox 408 2199 2285 2522">
    <p class='ocr_par' dir='ltr' id='par_1_4' title="bbox 408 2199 2285 2444">
     <span class='ocr_line' id='line_1_21' title="bbox 408 2199 2285 2264; baseline -0.001 -14"><span class='ocrx_word' id='word_1_156' title='bbox 408 2202 573 2263; x_wconf 73' lang='lat' dir='ltr'><strong>vulgO.</strong></span> <span class='ocrx_word' id='word_1_157' title='bbox 616 2204 705 2262; x_wconf 80' lang='grc' dir='ltr'>τὴν</span> <span class='ocrx_word' id='word_1_158' title='bbox 727 2202 867 2263; x_wconf 78' lang='lat' dir='ltr'>(ante</span> <span class='ocrx_word' id='word_1_159' title='bbox 886 2199 1150 2264; x_wconf 80' lang='grc' dir='ltr'>θάλατταν)</span> <span class='ocrx_word' id='word_1_160' title='bbox 1177 2215 1276 2251; x_wconf 90' lang='lat' dir='ltr'>om.</span> <span class='ocrx_word' id='word_1_161' title='bbox 1305 2201 1362 2251; x_wconf 88' lang='lat' dir='ltr'>F.</span> <span class='ocrx_word' id='word_1_162' title='bbox 1389 2200 1446 2261; x_wconf 85' lang='lat' dir='ltr'>Q.</span> <span class='ocrx_word' id='word_1_163' title='bbox 1468 2216 1507 2251; x_wconf 90' lang='lat' dir='ltr'>r.</span> <span class='ocrx_word' id='word_1_164' title='bbox 1537 2201 1617 2251; x_wconf 76' lang='lat' dir='ltr'>A².</span> <span class='ocrx_word' id='word_1_165' title='bbox 1649 2202 1775 2263; x_wconf 80' lang='grc' dir='ltr'>[τὴν]</span> <span class='ocrx_word' id='word_1_166' title='bbox 1797 2201 1977 2250; x_wconf 76' lang='lat' dir='ltr'>Rmsx,</span> <span class='ocrx_word' id='word_1_167' title='bbox 2116 2202 2285 2249; x_wconf 78' lang='grc' dir='ltr'>Χελει·</span> 
     </span>
     <span class='ocr_line' id='line_1_22' title="bbox 410 2264 2278 2326; baseline 0 -11"><span class='ocrx_word' id='word_1_168' title='bbox 410 2270 594 2315; x_wconf 79' lang='grc' dir='ltr'>δονειων</span> <span class='ocrx_word' id='word_1_169' title='bbox 617 2266 666 2316; x_wconf 87' lang='lat' dir='ltr'>S.</span> <span class='ocrx_word' id='word_1_170' title='bbox 742 2267 1058 2315; x_wconf 81' lang='grc' dir='ltr'>Χελιδοναίων</span> <span class='ocrx_word' id='word_1_171' title='bbox 1090 2280 1127 2316; x_wconf 78' lang='grc' dir='ltr'><strong>Β.</strong></span> <span class='ocrx_word' id='word_1_172' title='bbox 1166 2264 1246 2316; x_wconf 74' lang='grc' dir='ltr'><strong>ΑῙ.</strong></span> <span class='ocrx_word' id='word_1_173' title='bbox 1302 2267 1573 2314; x_wconf 82' lang='grc' dir='ltr'>Χελιδονίαι</span> <span class='ocrx_word' id='word_1_174' title='bbox 1622 2269 1794 2326; x_wconf 81' lang='grc' dir='ltr'>πέτραι</span> <span class='ocrx_word' id='word_1_175' title='bbox 1840 2264 2015 2325; x_wconf 83' lang='lat' dir='ltr'>Steph.</span> <span class='ocrx_word' id='word_1_176' title='bbox 2064 2264 2278 2325; x_wconf 79' lang='lat' dir='ltr'>Byzant.</span> 
     </span>
     <span class='ocr_line' id='line_1_23' title="bbox 412 2330 2285 2391; baseline -0.001 -12"><span class='ocrx_word' id='word_1_177' title='bbox 412 2333 694 2380; x_wconf 80' lang='grc' dir='ltr'>Χελιδονίων</span> <span class='ocrx_word' id='word_1_178' title='bbox 730 2330 985 2381; x_wconf 77' lang='lat' dir='ltr'>Plutarch.</span> <span class='ocrx_word' id='word_1_179' title='bbox 1032 2330 1088 2380; x_wconf 84' lang='grc' dir='ltr'><strong>Τ.</strong></span> <span class='ocrx_word' id='word_1_180' title='bbox 1135 2344 1168 2380; x_wconf 92' lang='lat'>1.</span> <span class='ocrx_word' id='word_1_181' title='bbox 1208 2344 1256 2391; x_wconf 81' lang='grc' dir='ltr'><strong>Ρ.</strong></span> <span class='ocrx_word' id='word_1_182' title='bbox 1285 2332 1381 2381; x_wconf 84' lang='grc'>487</span> <span class='ocrx_word' id='word_1_183' title='bbox 1404 2332 1462 2380; x_wconf 69' lang='lat' dir='ltr'>A.</span> <span class='ocrx_word' id='word_1_184' title='bbox 1519 2348 1721 2380; x_wconf 86' lang='grc' dir='ltr'>κυανεων</span> <span class='ocrx_word' id='word_1_185' title='bbox 1755 2330 1803 2380; x_wconf 83' lang='lat' dir='ltr'>S.</span> <span class='ocrx_word' id='word_1_186' title='bbox 1876 2331 2168 2378; x_wconf 80' lang='grc' dir='ltr'>Χελιδονεῶν</span> <span class='ocrx_word' id='word_1_187' title='bbox 2205 2333 2285 2379; x_wconf 84' lang='grc' dir='ltr'>καὶ</span> 
     </span>
     <span class='ocr_line' id='line_1_24' title="bbox 415 2395 840 2444; baseline -0.002 0"><span class='ocrx_word' id='word_1_188' title='bbox 415 2397 643 2444; x_wconf 80' lang='grc' dir='ltr'>Κυανεῶν</span> <span class='ocrx_word' id='word_1_189' title='bbox 684 2395 840 2443; x_wconf 71' lang='lat' dir='ltr'><strong>DIND.</strong></span> 
     </span>
    </p>

    <p class='ocr_par' dir='ltr' id='par_1_5' title="bbox 505 2457 1877 2522">
     <span class='ocr_line' id='line_1_25' title="bbox 505 2457 1877 2522; baseline 0.001 -15"><span class='ocrx_word' id='word_1_190' title='bbox 505 2463 532 2521; x_wconf 68' lang='grc' dir='ltr'>ς</span> <span class='ocrx_word' id='word_1_191' title='bbox 555 2461 666 2510; x_wconf 85' lang='lat'><strong>312.</strong></span> <span class='ocrx_word' id='word_1_192' title='bbox 739 2460 919 2508; x_wconf 79' lang='grc' dir='ltr'>ἑαυτῶν</span> <span class='ocrx_word' id='word_1_193' title='bbox 940 2459 1072 2520; x_wconf 83' lang='lat' dir='ltr'><strong>vulg.</strong></span> <span class='ocrx_word' id='word_1_194' title='bbox 1102 2459 1222 2507; x_wconf 88' lang='lat' dir='ltr'>ante</span> <span class='ocrx_word' id='word_1_195' title='bbox 1244 2457 1457 2509; x_wconf 87' lang='lat' dir='ltr'>Bekker.</span> <span class='ocrx_word' id='word_1_196' title='bbox 1516 2461 1671 2507; x_wconf 84' lang='grc' dir='ltr'>αυτῶν</span> <span class='ocrx_word' id='word_1_197' title='bbox 1692 2458 1800 2522; x_wconf 85' lang='lat' dir='ltr'>(sic)</span> <span class='ocrx_word' id='word_1_198' title='bbox 1827 2457 1877 2509; x_wconf 80' lang='lat' dir='ltr'>S.</span> 
     </span>
    </p>
   </div>
   <div class='ocr_carea' id='block_1_5' title="bbox 1986 2229 2115 2238">
    <p class='ocr_par' dir='ltr' id='par_1_6' title="bbox 1986 2229 2115 2238">
     <span class='ocr_line' id='line_1_26' title="bbox 1986 2229 2115 2238; baseline 0 0"><span class='ocrx_word' id='word_1_199' title='bbox 1986 2229 2115 2238; x_wconf 95' lang='lat' dir='ltr'> </span> 
     </span>
    </p>
   </div>
   <div class='ocr_carea' id='block_1_6' title="bbox 409 2607 1301 3693">
    <p class='ocr_par' dir='ltr' id='par_1_7' title="bbox 409 2607 1301 3693">
     <span class='ocr_line' id='line_1_27' title="bbox 411 2607 1299 2671; baseline -0.003 -13"><span class='ocrx_word' id='word_1_200' title='bbox 411 2611 531 2668; x_wconf 80' lang='grc' dir='ltr'>φασὶ</span> <span class='ocrx_word' id='word_1_201' title='bbox 566 2610 618 2658; x_wconf 78' lang='grc' dir='ltr'>δὲ</span> <span class='ocrx_word' id='word_1_202' title='bbox 660 2611 738 2657; x_wconf 80' lang='grc' dir='ltr'>καὶ</span> <span class='ocrx_word' id='word_1_203' title='bbox 769 2607 930 2671; x_wconf 75' lang='grc' dir='ltr'>βωμὸν</span> <span class='ocrx_word' id='word_1_204' title='bbox 987 2609 1167 2669; x_wconf 80' lang='grc' dir='ltr'>εἰρήνης</span> <span class='ocrx_word' id='word_1_205' title='bbox 1221 2610 1299 2656; x_wconf 84' lang='grc' dir='ltr'>διὰ</span> 
     </span>
     <span class='ocr_line' id='line_1_28' title="bbox 409 2674 1296 2734; baseline -0.002 -13"><span class='ocrx_word' id='word_1_206' title='bbox 409 2674 563 2721; x_wconf 85' lang='grc' dir='ltr'>ταῦτα</span> <span class='ocrx_word' id='word_1_207' title='bbox 585 2675 691 2722; x_wconf 82' lang='grc' dir='ltr'>τοὺς</span> <span class='ocrx_word' id='word_1_208' title='bbox 709 2674 984 2732; x_wconf 72' lang='grc' dir='ltr'>Ἀθηναίους</span> <span class='ocrx_word' id='word_1_209' title='bbox 1000 2675 1296 2734; x_wconf 74' lang='grc' dir='ltr'>ἱδρύσασθαι,</span> 
     </span>
     <span class='ocr_line' id='line_1_29' title="bbox 411 2738 1298 2799; baseline -0.002 -13"><span class='ocrx_word' id='word_1_210' title='bbox 411 2739 491 2786; x_wconf 80' lang='grc' dir='ltr'>καὶ</span> <span class='ocrx_word' id='word_1_211' title='bbox 547 2738 769 2785; x_wconf 83' lang='grc' dir='ltr'>Καλλίαν</span> <span class='ocrx_word' id='word_1_212' title='bbox 812 2740 896 2785; x_wconf 77' lang='grc' dir='ltr'>τὸν</span> <span class='ocrx_word' id='word_1_213' title='bbox 932 2739 1298 2799; x_wconf 74' lang='grc' dir='ltr'>πρεσβεύσαντα</span> 
     </span>
     <span class='ocr_line' id='line_1_30' title="bbox 409 2799 1298 2862; baseline -0.002 -12"><span class='ocrx_word' id='word_1_214' title='bbox 409 2804 608 2861; x_wconf 84' lang='grc' dir='ltr'>τιμῆσαι</span> <span class='ocrx_word' id='word_1_215' title='bbox 656 2799 984 2862; x_wconf 81' lang='grc' dir='ltr'>διαφερόντως.</span> <span class='ocrx_word' id='word_1_216' title='bbox 1051 2799 1158 2848; x_wconf 84' lang='lat' dir='ltr'>The</span> <span class='ocrx_word' id='word_1_217' title='bbox 1196 2800 1298 2848; x_wconf 80' lang='lat' dir='ltr'>last</span> 
     </span>
     <span class='ocr_line' id='line_1_31' title="bbox 410 2863 1298 2925; baseline -0.001 -13"><span class='ocrx_word' id='word_1_218' title='bbox 410 2865 572 2913; x_wconf 86' lang='lat' dir='ltr'>words</span> <span class='ocrx_word' id='word_1_219' title='bbox 596 2879 681 2913; x_wconf 80' lang='lat' dir='ltr'>are</span> <span class='ocrx_word' id='word_1_220' title='bbox 711 2864 965 2925; x_wconf 80' lang='lat' dir='ltr'>strangely</span> <span class='ocrx_word' id='word_1_221' title='bbox 986 2866 1039 2912; x_wconf 88' lang='lat' dir='ltr'>at</span> <span class='ocrx_word' id='word_1_222' title='bbox 1060 2863 1298 2912; x_wconf 84' lang='lat' dir='ltr'>variance</span> 
     </span>
     <span class='ocr_line' id='line_1_32' title="bbox 409 2927 1297 2977; baseline -0.001 0"><span class='ocrx_word' id='word_1_223' title='bbox 409 2929 533 2977; x_wconf 84' lang='lat' dir='ltr'>with</span> <span class='ocrx_word' id='word_1_224' title='bbox 555 2928 643 2976; x_wconf 88' lang='lat' dir='ltr'>the</span> <span class='ocrx_word' id='word_1_225' title='bbox 664 2928 908 2977; x_wconf 75' lang='lat' dir='ltr'>tradition</span> <span class='ocrx_word' id='word_1_226' title='bbox 924 2928 980 2976; x_wconf 80' lang='lat' dir='ltr'>of</span> <span class='ocrx_word' id='word_1_227' title='bbox 998 2927 1297 2976; x_wconf 88' lang='lat' dir='ltr'>Demosthe·</span> 
     </span>
     <span class='ocr_line' id='line_1_33' title="bbox 410 2992 1298 3055; baseline -0.002 -14"><span class='ocrx_word' id='word_1_228' title='bbox 410 3008 518 3044; x_wconf 85' lang='lat' dir='ltr'>nes.</span> <span class='ocrx_word' id='word_1_229' title='bbox 592 2993 715 3055; x_wconf 85' lang='lat' dir='ltr'>[For</span> <span class='ocrx_word' id='word_1_230' title='bbox 731 2992 819 3040; x_wconf 82' lang='lat' dir='ltr'>the</span> <span class='ocrx_word' id='word_1_231' title='bbox 832 2992 1115 3042; x_wconf 79' lang='lat' dir='ltr'>discussion</span> <span class='ocrx_word' id='word_1_232' title='bbox 1136 2992 1189 3039; x_wconf 83' lang='lat' dir='ltr'>of</span> <span class='ocrx_word' id='word_1_233' title='bbox 1210 2992 1298 3040; x_wconf 88' lang='lat' dir='ltr'>the</span> 
     </span>
     <span class='ocr_line' id='line_1_34' title="bbox 411 3056 1296 3118; baseline -0.003 -12"><span class='ocrx_word' id='word_1_234' title='bbox 411 3056 649 3118; x_wconf 82' lang='lat' dir='ltr'>question</span> <span class='ocrx_word' id='word_1_235' title='bbox 676 3056 844 3105; x_wconf 79' lang='lat' dir='ltr'>raised</span> <span class='ocrx_word' id='word_1_236' title='bbox 866 3071 924 3105; x_wconf 87' lang='lat' dir='ltr'>as</span> <span class='ocrx_word' id='word_1_237' title='bbox 946 3060 1000 3104; x_wconf 85' lang='lat' dir='ltr'>to</span> <span class='ocrx_word' id='word_1_238' title='bbox 1020 3056 1110 3104; x_wconf 91' lang='lat' dir='ltr'>the</span> <span class='ocrx_word' id='word_1_239' title='bbox 1146 3070 1296 3117; x_wconf 84' lang='lat' dir='ltr'>genu-</span> 
     </span>
     <span class='ocr_line' id='line_1_35' title="bbox 409 3119 1299 3182; baseline -0.002 -13"><span class='ocrx_word' id='word_1_240' title='bbox 409 3123 614 3170; x_wconf 87' lang='lat' dir='ltr'>ineness</span> <span class='ocrx_word' id='word_1_241' title='bbox 651 3121 706 3169; x_wconf 78' lang='lat' dir='ltr'>of</span> <span class='ocrx_word' id='word_1_242' title='bbox 746 3119 852 3169; x_wconf 78' lang='lat' dir='ltr'>this</span> <span class='ocrx_word' id='word_1_243' title='bbox 890 3120 1161 3168; x_wconf 79' lang='lat' dir='ltr'><strong>document</strong></span> <span class='ocrx_word' id='word_1_244' title='bbox 1195 3123 1299 3182; x_wconf 88' lang='lat' dir='ltr'>(see</span> 
     </span>
     <span class='ocr_line' id='line_1_36' title="bbox 411 3185 1291 3247; baseline 0 -13"><span class='ocrx_word' id='word_1_245' title='bbox 411 3185 770 3247; x_wconf 82' lang='lat' dir='ltr'>Theopompus</span> <span class='ocrx_word' id='word_1_246' title='bbox 836 3199 915 3246; x_wconf 86' lang='lat' dir='ltr'>ap.</span> <span class='ocrx_word' id='word_1_247' title='bbox 993 3185 1291 3245; x_wconf 83' lang='lat' dir='ltr'>Harpocrat.</span> 
     </span>
     <span class='ocr_line' id='line_1_37' title="bbox 410 3248 1299 3311; baseline -0.003 -13"><span class='ocrx_word' id='word_1_248' title='bbox 410 3252 644 3299; x_wconf 79' lang='grc' dir='ltr'>Ἀττικοῖς</span> <span class='ocrx_word' id='word_1_249' title='bbox 687 3250 956 3311; x_wconf 75' lang='grc' dir='ltr'>γράμμασι)</span> <span class='ocrx_word' id='word_1_250' title='bbox 991 3248 1080 3297; x_wconf 83' lang='lat' dir='ltr'>the</span> <span class='ocrx_word' id='word_1_251' title='bbox 1121 3248 1299 3296; x_wconf 85' lang='lat' dir='ltr'>reader</span> 
     </span>
     <span class='ocr_line' id='line_1_38' title="bbox 409 3312 1292 3375; baseline 0.001 -14"><span class='ocrx_word' id='word_1_252' title='bbox 409 3314 457 3362; x_wconf 86' lang='lat' dir='ltr'>is</span> <span class='ocrx_word' id='word_1_253' title='bbox 499 3313 721 3375; x_wconf 78' lang='lat' dir='ltr'>referred</span> <span class='ocrx_word' id='word_1_254' title='bbox 761 3315 816 3361; x_wconf 89' lang='lat' dir='ltr'>to</span> <span class='ocrx_word' id='word_1_255' title='bbox 861 3312 1132 3371; x_wconf 80' lang='lat' dir='ltr'>Thirlwall,</span> <span class='ocrx_word' id='word_1_256' title='bbox 1181 3312 1292 3362; x_wconf 86' lang='lat' dir='ltr'>Vol.</span> 
     </span>
     <span class='ocr_line' id='line_1_39' title="bbox 411 3376 1293 3438; baseline 0 -13"><span class='ocrx_word' id='word_1_257' title='bbox 411 3391 491 3425; x_wconf 89' lang='lat'>111.</span> <span class='ocrx_word' id='word_1_258' title='bbox 536 3391 589 3438; x_wconf 88' lang='lat' dir='ltr'>p.</span> <span class='ocrx_word' id='word_1_259' title='bbox 635 3379 715 3435; x_wconf 84' lang='lat'>37,</span> <span class='ocrx_word' id='word_1_260' title='bbox 760 3378 838 3435; x_wconf 81' lang='lat'>38,</span> <span class='ocrx_word' id='word_1_261' title='bbox 887 3376 1058 3434; x_wconf 85' lang='lat' dir='ltr'>Grote,</span> <span class='ocrx_word' id='word_1_262' title='bbox 1104 3376 1216 3424; x_wconf 87' lang='lat' dir='ltr'>Vol.</span> <span class='ocrx_word' id='word_1_263' title='bbox 1247 3390 1293 3425; x_wconf 82' lang='lat' dir='ltr'>v.</span> 
     </span>
     <span class='ocr_line' id='line_1_40' title="bbox 412 3439 1299 3502; baseline -0.002 -13"><span class='ocrx_word' id='word_1_264' title='bbox 412 3455 460 3502; x_wconf 88' lang='lat' dir='ltr'>p.</span> <span class='ocrx_word' id='word_1_265' title='bbox 484 3441 755 3498; x_wconf 82' lang='grc'>455-462,</span> <span class='ocrx_word' id='word_1_266' title='bbox 793 3440 889 3491; x_wconf 89' lang='lat' dir='ltr'>Ed.</span> <span class='ocrx_word' id='word_1_267' title='bbox 935 3442 982 3497; x_wconf 80' lang='lat'>2,</span> <span class='ocrx_word' id='word_1_268' title='bbox 1027 3439 1299 3488; x_wconf 76' lang='lat' dir='ltr'>Niebuhr-’s</span> 
     </span>
     <span class='ocr_line' id='line_1_41' title="bbox 412 3503 1293 3565; baseline -0.002 -13"><span class='ocrx_word' id='word_1_269' title='bbox 412 3506 654 3553; x_wconf 86' lang='lat' dir='ltr'>Lectures</span> <span class='ocrx_word' id='word_1_270' title='bbox 695 3519 763 3552; x_wconf 91' lang='lat' dir='ltr'>cn</span> <span class='ocrx_word' id='word_1_271' title='bbox 806 3504 1024 3552; x_wconf 85' lang='lat' dir='ltr'>Ancient</span> <span class='ocrx_word' id='word_1_272' title='bbox 1069 3503 1293 3565; x_wconf 83' lang='lat' dir='ltr'>History‚</span> 
     </span>
     <span class='ocr_line' id='line_1_42' title="bbox 414 3567 1299 3629; baseline 0.001 -14"><span class='ocrx_word' id='word_1_273' title='bbox 414 3567 524 3617; x_wconf 88' lang='lat' dir='ltr'>Vol.</span> <span class='ocrx_word' id='word_1_274' title='bbox 554 3581 610 3616; x_wconf 90' lang='lat'>11.</span> <span class='ocrx_word' id='word_1_275' title='bbox 639 3582 688 3628; x_wconf 86' lang='lat' dir='ltr'>p.</span> <span class='ocrx_word' id='word_1_276' title='bbox 713 3568 759 3627; x_wconf 88' lang='lat'>5,</span> <span class='ocrx_word' id='word_1_277' title='bbox 789 3567 859 3629; x_wconf 87' lang='grc'><strong>6.]</strong></span> <span class='ocrx_word' id='word_1_278' title='bbox 937 3568 1044 3616; x_wconf 80' lang='lat' dir='ltr'>&#39;I&#39;he</span> <span class='ocrx_word' id='word_1_279' title='bbox 1072 3569 1299 3616; x_wconf 83' lang='lat' dir='ltr'>Chelido-</span> 
     </span>
     <span class='ocr_line' id='line_1_43' title="bbox 411 3633 1301 3693; baseline 0.002 -14"><span class='ocrx_word' id='word_1_280' title='bbox 411 3633 530 3680; x_wconf 76' lang='grc' dir='ltr'>ηἰαο</span> <span class='ocrx_word' id='word_1_281' title='bbox 593 3633 796 3680; x_wconf 75' lang='lat' dir='ltr'>Insulae</span> <span class='ocrx_word' id='word_1_282' title='bbox 869 3633 946 3693; x_wconf 85' lang='lat' dir='ltr'>(or</span> <span class='ocrx_word' id='word_1_283' title='bbox 1000 3634 1170 3693; x_wconf 75' lang='grc' dir='ltr'>πέτραι</span> <span class='ocrx_word' id='word_1_284' title='bbox 1243 3645 1301 3681; x_wconf 81' lang='lat' dir='ltr'>as</span> 
     </span>
    </p>
   </div>
   <div class='ocr_carea' id='block_1_7' title="bbox 1395 2606 2290 3698">
    <p class='ocr_par' dir='ltr' id='par_1_8' title="bbox 1395 2606 2289 3243">
     <span class='ocr_line' id='line_1_44' title="bbox 1400 2606 2289 2670; baseline 0.001 -13"><span class='ocrx_word' id='word_1_285' title='bbox 1400 2606 1573 2669; x_wconf 82' lang='lat' dir='ltr'>Steph.</span> <span class='ocrx_word' id='word_1_286' title='bbox 1598 2607 1720 2668; x_wconf 81' lang='lat' dir='ltr'><strong>Byz.</strong></span> <span class='ocrx_word' id='word_1_287' title='bbox 1745 2607 1869 2656; x_wconf 83' lang='lat' dir='ltr'>calls</span> <span class='ocrx_word' id='word_1_288' title='bbox 1907 2607 2071 2670; x_wconf 89' lang='lat' dir='ltr'>them)</span> <span class='ocrx_word' id='word_1_289' title='bbox 2107 2608 2177 2658; x_wconf 89' lang='lat' dir='ltr'>lie</span> <span class='ocrx_word' id='word_1_290' title='bbox 2214 2610 2289 2658; x_wconf 78' lang='lat' dir='ltr'>off</span> 
     </span>
     <span class='ocr_line' id='line_1_45' title="bbox 1397 2670 2286 2722; baseline 0.003 -4"><span class='ocrx_word' id='word_1_291' title='bbox 1397 2670 1486 2719; x_wconf 89' lang='lat' dir='ltr'>the</span> <span class='ocrx_word' id='word_1_292' title='bbox 1575 2672 1786 2720; x_wconf 83' lang='lat' dir='ltr'>Sacrum</span> <span class='ocrx_word' id='word_1_293' title='bbox 1872 2673 2286 2722; x_wconf 86' lang='lat' dir='ltr'>Promontorium</span> 
     </span>
     <span class='ocr_line' id='line_1_46' title="bbox 1396 2734 2288 2799; baseline 0.003 -16"><span class='ocrx_word' id='word_1_294' title='bbox 1396 2734 1454 2783; x_wconf 90' lang='lat' dir='ltr'>in</span> <span class='ocrx_word' id='word_1_295' title='bbox 1517 2734 1700 2796; x_wconf 79' lang='lat' dir='ltr'>Lycia3</span> <span class='ocrx_word' id='word_1_296' title='bbox 1764 2736 1854 2785; x_wconf 90' lang='lat' dir='ltr'>the</span> <span class='ocrx_word' id='word_1_297' title='bbox 1911 2739 2140 2799; x_wconf 78' lang='lat' dir='ltr'>Cyaneae</span> <span class='ocrx_word' id='word_1_298' title='bbox 2210 2742 2288 2799; x_wconf 90' lang='lat' dir='ltr'>(or</span> 
     </span>
     <span class='ocr_line' id='line_1_47' title="bbox 1400 2798 2287 2860; baseline 0.005 -14"><span class='ocrx_word' id='word_1_299' title='bbox 1400 2798 1773 2860; x_wconf 50' lang='lat' dir='ltr'>Symplegade&amp;</span> <span class='ocrx_word' id='word_1_300' title='bbox 1823 2815 1880 2849; x_wconf 87' lang='lat' dir='ltr'>so</span> <span class='ocrx_word' id='word_1_301' title='bbox 1934 2801 2047 2849; x_wconf 81' lang='lat' dir='ltr'>well</span> <span class='ocrx_word' id='word_1_302' title='bbox 2098 2801 2287 2850; x_wconf 84' lang='lat' dir='ltr'>known</span> 
     </span>
     <span class='ocr_line' id='line_1_48' title="bbox 1397 2863 2289 2925; baseline 0.004 -15"><span class='ocrx_word' id='word_1_303' title='bbox 1397 2863 1531 2911; x_wconf 75' lang='lat' dir='ltr'>from</span> <span class='ocrx_word' id='word_1_304' title='bbox 1582 2864 1669 2912; x_wconf 84' lang='lat' dir='ltr'>the</span> <span class='ocrx_word' id='word_1_305' title='bbox 1712 2863 1907 2925; x_wconf 80' lang='lat' dir='ltr'>mythic</span> <span class='ocrx_word' id='word_1_306' title='bbox 1948 2865 2204 2915; x_wconf 75' lang='lat' dir='ltr'>narrative</span> <span class='ocrx_word' id='word_1_307' title='bbox 2234 2866 2289 2914; x_wconf 81' lang='lat' dir='ltr'>of</span> 
     </span>
     <span class='ocr_line' id='line_1_49' title="bbox 1397 2927 2287 2989; baseline 0.004 -15"><span class='ocrx_word' id='word_1_308' title='bbox 1397 2927 1486 2975; x_wconf 90' lang='lat' dir='ltr'>the</span> <span class='ocrx_word' id='word_1_309' title='bbox 1525 2927 1829 2989; x_wconf 84' lang='lat' dir='ltr'>Argonauts)</span> <span class='ocrx_word' id='word_1_310' title='bbox 1877 2942 1963 2977; x_wconf 79' lang='lat' dir='ltr'>are</span> <span class='ocrx_word' id='word_1_311' title='bbox 2004 2929 2193 2978; x_wconf 82' lang='lat' dir='ltr'>situate</span> <span class='ocrx_word' id='word_1_312' title='bbox 2228 2930 2287 2978; x_wconf 88' lang='lat' dir='ltr'>in</span> 
     </span>
     <span class='ocr_line' id='line_1_50' title="bbox 1396 2991 2288 3053; baseline 0.004 -15"><span class='ocrx_word' id='word_1_313' title='bbox 1396 2991 1487 3039; x_wconf 86' lang='lat' dir='ltr'>the</span> <span class='ocrx_word' id='word_1_314' title='bbox 1520 2991 1737 3053; x_wconf 85' lang='lat' dir='ltr'>Euxine,</span> <span class='ocrx_word' id='word_1_315' title='bbox 1780 2995 1833 3040; x_wconf 83' lang='lat' dir='ltr'>at</span> <span class='ocrx_word' id='word_1_316' title='bbox 1867 2992 1958 3040; x_wconf 89' lang='lat' dir='ltr'>the</span> <span class='ocrx_word' id='word_1_317' title='bbox 1990 2992 2160 3041; x_wconf 82' lang='lat' dir='ltr'>North</span> <span class='ocrx_word' id='word_1_318' title='bbox 2201 3008 2288 3042; x_wconf 89' lang='lat' dir='ltr'>en-</span> 
     </span>
     <span class='ocr_line' id='line_1_51' title="bbox 1398 3055 2287 3105; baseline 0.004 -4"><span class='ocrx_word' id='word_1_319' title='bbox 1398 3057 1573 3102; x_wconf 86' lang='lat' dir='ltr'>trance</span> <span class='ocrx_word' id='word_1_320' title='bbox 1622 3056 1676 3102; x_wconf 79' lang='lat' dir='ltr'>of</span> <span class='ocrx_word' id='word_1_321' title='bbox 1728 3056 1818 3104; x_wconf 89' lang='lat' dir='ltr'>the</span> <span class='ocrx_word' id='word_1_322' title='bbox 1857 3055 2112 3105; x_wconf 74' lang='lat' dir='ltr'>Thracian</span> <span class='ocrx_word' id='word_1_323' title='bbox 2163 3057 2287 3105; x_wconf 87' lang='lat' dir='ltr'>Bos·</span> 
     </span>
     <span class='ocr_line' id='line_1_52' title="bbox 1396 3119 2287 3230; baseline 0.006 -65"><span class='ocrx_word' id='word_1_324' title='bbox 1396 3133 1566 3230; x_wconf 53' lang='lat' dir='ltr'>porcis,</span> <span class='ocrx_word' id='word_1_325' title='bbox 1589 3133 1647 3167; x_wconf 87' lang='lat' dir='ltr'>or</span> <span class='ocrx_word' id='word_1_326' title='bbox 1668 3119 1890 3168; x_wconf 82' lang='lat' dir='ltr'>channel</span> <span class='ocrx_word' id='word_1_327' title='bbox 1910 3121 1965 3168; x_wconf 80' lang='lat' dir='ltr'>of</span> <span class='ocrx_word' id='word_1_328' title='bbox 1997 3121 2287 3170; x_wconf 84' lang='lat' dir='ltr'>Constanti·</span> 
     </span>
     <span class='ocr_line' id='line_1_53' title="bbox 1395 3197 1560 3243; baseline 0.006 -12"><span class='ocrx_word' id='word_1_329' title='bbox 1395 3197 1498 3243; x_wconf 91' lang='lat' dir='ltr'>nop</span> <span class='ocrx_word' id='word_1_330' title='bbox 1520 3197 1560 3232; x_wconf 91' lang='lat' dir='ltr'>e.</span> 
     </span>
    </p>

    <p class='ocr_par' dir='ltr' id='par_1_9' title="bbox 1396 3248 2290 3500">
     <span class='ocr_line' id='line_1_54' title="bbox 1462 3248 2290 3310; baseline 0.006 -16"><span class='ocrx_word' id='word_1_331' title='bbox 1462 3248 1573 3296; x_wconf 86' lang='lat'><strong>429.</strong></span> <span class='ocrx_word' id='word_1_332' title='bbox 1597 3250 1623 3309; x_wconf 63' lang='grc' dir='ltr'>ἓ</span> <span class='ocrx_word' id='word_1_333' title='bbox 1650 3248 1759 3297; x_wconf 85' lang='grc'><strong>311.</strong></span> <span class='ocrx_word' id='word_1_334' title='bbox 1829 3248 1997 3310; x_wconf 83' lang='grc' dir='ltr'>μικροῦ</span> <span class='ocrx_word' id='word_1_335' title='bbox 2025 3251 2113 3309; x_wconf 78' lang='grc' dir='ltr'>μὲν</span> <span class='ocrx_word' id='word_1_336' title='bbox 2146 3252 2290 3300; x_wconf 77' lang='grc' dir='ltr'>ἀπέκ-</span> 
     </span>
     <span class='ocr_line' id='line_1_55' title="bbox 1396 3312 2290 3376; baseline 0.006 -18"><span class='ocrx_word' id='word_1_337' title='bbox 1396 3329 1552 3360; x_wconf 85' lang='grc' dir='ltr'>τειναν</span> <span class='ocrx_word' id='word_1_338' title='bbox 1595 3315 1767 3372; x_wconf 84' lang='grc' dir='ltr'><strong>κ.τ.λ.]</strong></span> <span class='ocrx_word' id='word_1_339' title='bbox 1819 3313 1921 3361; x_wconf 86' lang='lat' dir='ltr'>For</span> <span class='ocrx_word' id='word_1_340' title='bbox 1964 3327 1996 3361; x_wconf 81' lang='lat' dir='ltr'>a</span> <span class='ocrx_word' id='word_1_341' title='bbox 2037 3312 2290 3376; x_wconf 76' lang='lat' dir='ltr'>similarly</span> 
     </span>
     <span class='ocr_line' id='line_1_56' title="bbox 1396 3375 2284 3438; baseline 0.008 -16"><span class='ocrx_word' id='word_1_342' title='bbox 1396 3375 1597 3423; x_wconf 84' lang='lat' dir='ltr'>worded</span> <span class='ocrx_word' id='word_1_343' title='bbox 1618 3379 1855 3425; x_wconf 79' lang='lat' dir='ltr'>sentence</span> <span class='ocrx_word' id='word_1_344' title='bbox 1876 3391 2040 3438; x_wconf 90' lang='lat' dir='ltr'>comp.</span> <span class='ocrx_word' id='word_1_345' title='bbox 2065 3377 2284 3430; x_wconf 81' lang='lat' dir='ltr'>Timocr.</span> 
     </span>
     <span class='ocr_line' id='line_1_57' title="bbox 1397 3439 1746 3500; baseline 0 -10"><span class='ocrx_word' id='word_1_346' title='bbox 1397 3454 1445 3500; x_wconf 90' lang='lat' dir='ltr'>p.</span> <span class='ocrx_word' id='word_1_347' title='bbox 1477 3439 1569 3490; x_wconf 85' lang='lat'>743</span> <span class='ocrx_word' id='word_1_348' title='bbox 1591 3443 1617 3499; x_wconf 67' lang='grc' dir='ltr'>ἓ</span> <span class='ocrx_word' id='word_1_349' title='bbox 1640 3442 1746 3490; x_wconf 84' lang='lat'><strong>138.</strong></span> 
     </span>
    </p>

    <p class='ocr_par' dir='ltr' id='par_1_10' title="bbox 1398 3505 2289 3698">
     <span class='ocr_line' id='line_1_58' title="bbox 1462 3505 2289 3567; baseline 0.005 -16"><span class='ocrx_word' id='word_1_350' title='bbox 1462 3507 1486 3564; x_wconf 63' lang='grc' dir='ltr'>ξ</span> <span class='ocrx_word' id='word_1_351' title='bbox 1504 3505 1613 3553; x_wconf 82' lang='lat'><strong>313.</strong></span> <span class='ocrx_word' id='word_1_352' title='bbox 1650 3508 1738 3564; x_wconf 83' lang='grc' dir='ltr'>τὴν</span> <span class='ocrx_word' id='word_1_353' title='bbox 1754 3507 1901 3564; x_wconf 76' lang='grc' dir='ltr'>αὐτὴν</span> <span class='ocrx_word' id='word_1_354' title='bbox 1918 3507 2102 3567; x_wconf 78' lang='grc' dir='ltr'>εἰρήνην</span> <span class='ocrx_word' id='word_1_355' title='bbox 2117 3506 2289 3567; x_wconf 85' lang='grc' dir='ltr'><strong>κ.τ.λ.]</strong></span> 
     </span>
     <span class='ocr_line' id='line_1_59' title="bbox 1400 3567 2288 3631; baseline 0.006 -16"><span class='ocrx_word' id='word_1_356' title='bbox 1400 3572 1431 3596; x_wconf 83' lang='grc'>“</span> <span class='ocrx_word' id='word_1_357' title='bbox 1448 3567 1653 3628; x_wconf 85' lang='lat' dir='ltr'>Having</span> <span class='ocrx_word' id='word_1_358' title='bbox 1690 3583 1810 3617; x_wconf 88' lang='lat' dir='ltr'>seen</span> <span class='ocrx_word' id='word_1_359' title='bbox 1847 3569 1962 3617; x_wconf 84' lang='lat' dir='ltr'>that</span> <span class='ocrx_word' id='word_1_360' title='bbox 2005 3569 2095 3618; x_wconf 84' lang='lat' dir='ltr'>the</span> <span class='ocrx_word' id='word_1_361' title='bbox 2137 3585 2288 3631; x_wconf 83' lang='lat' dir='ltr'>peace</span> 
     </span>
     <span class='ocr_line' id='line_1_60' title="bbox 1398 3633 2287 3698; baseline 0.006 -18"><span class='ocrx_word' id='word_1_362' title='bbox 1398 3638 1454 3680; x_wconf 83' lang='lat' dir='ltr'>at</span> <span class='ocrx_word' id='word_1_363' title='bbox 1478 3634 1557 3681; x_wconf 80' lang='lat' dir='ltr'>the</span> <span class='ocrx_word' id='word_1_364' title='bbox 1573 3648 1705 3682; x_wconf 74' lang='lat' dir='ltr'>same</span> <span class='ocrx_word' id='word_1_365' title='bbox 1729 3636 1842 3682; x_wconf 80' lang='lat' dir='ltr'>time</span> <span class='ocrx_word' id='word_1_366' title='bbox 1864 3635 1970 3696; x_wconf 82' lang='grc' dir='ltr'>(τὴν</span> <span class='ocrx_word' id='word_1_367' title='bbox 1993 3636 2160 3698; x_wconf 83' lang='grc' dir='ltr'>αὐτήν)</span> <span class='ocrx_word' id='word_1_368' title='bbox 2192 3633 2287 3685; x_wconf 75' lang='lat' dir='ltr'>has</span> 
     </span>
    </p>
   </div>
  </div>
 </body>
</html>
