2667 4142
454 222 577 287 198
1068 188 1720 286 DEMOSTHENIS*

451 397 634 439 σεται
662 371 901 443 τούτοις
930 373 1015 438 ὧν
1045 373 1275 462 ἔνοχος.
1321 378 1524 441 ταῦτα
1550 374 1669 457 μὲν
1694 376 1818 463 γὰρ
1849 375 1931 442 τὰ
1960 377 2223 458 ἰαμβεῖα
2251 379 2328 444 ἐκ

450 474 740 547 Φοίνικός
779 476 956 540 ἐστιν
1010 474 1372 558 Εὐριπίδου·
1446 481 1632 543 τοῦτο
1683 477 1751 544 δὲ
1799 476 1874 542 τὸ
1921 476 2131 561 δρᾶμα
2181 479 2327 547 οὐδὲ

449 576 707 643 πώποτε
735 575 875 643 οὔτε
899 577 1216 662 Θεόδωρος
1244 577 1388 642 οὕτε
1402 576 1863 665 Ἀριστόδημος
1890 568 2321 665 ὑπεκρίναντο,

447 679 539 750 οἷς
587 679 767 751 οὗτος
811 678 894 745 τὰ
942 679 1126 762 τρίτα
1172 679 1380 764 λέγων
1431 679 1798 762 διετέλεσεν,
1854 681 2030 748 ἀλλὰ
2074 684 2324 751 Μόλων

445 781 772 864 ἠγωνίζετο
801 780 909 847 καὶ
938 780 994 845 εἰ
1022 779 1096 860 δή
1125 807 1221 850 τις
1249 780 1448 851 ἄλλος
1478 785 1604 847 τῶν
1624 789 1921 848 παλαιῶν
1947 783 2319 869 ὑποκριτῶν.

443 880 812 964 Ἀντιγόνην
869 880 935 946 δὲ
999 877 1396 968 Σοφοκλέους
1450 883 1770 954 πολλάκις
1819 885 1937 967 μὲν
1996 885 2321 973 Θεόδωρος

368 1025 372 1030 -
444 985 763 1054 πολλάκις
813 983 881 1048 δὲ
924 982 1383 1067 Ἀριστόδημος
1433 981 1856 1073 ὑποκέκριται,
1911 987 1978 1051 ἐν
2002 985 2059 1070 ᾗ
2092 1014 2318 1053 πεποι-

441 1083 641 1163 ημένα
671 1083 933 1164 ἰαμβεῖα
960 1086 1170 1154 καλῶς
1210 1084 1317 1149 καὶ
1348 1083 1793 1171 συμφερόντως
1821 1085 1968 1169 ὑμῖν
1996 1088 2315 1159 πολλάκις
2381 1138 2386 1145 -

441 1182 624 1253 αὐτὸς
653 1182 906 1269 εἰρηκῶς
948 1184 1055 1249 καὶ
1090 1182 1369 1268 ἀκριβῶς
1411 1186 1898 1269 ἐξεπιστάμενος
1938 1187 2310 1274 παρέλιπεν.

307 1299 411 1360 247
444 1288 582 1352 ἴστε
608 1288 731 1375 γὰρ
771 1287 975 1368 δήπου
1012 1287 1201 1364 τοῦθ’,
1247 1286 1346 1354 ὅτι
1377 1288 1444 1353 ἐν
1472 1286 1683 1355 ἅπασι
1710 1293 1840 1359 τοῖς
1870 1288 2150 1375 δράμασι
2182 1297 2313 1364 τοῖς
2338 1323 2412 1380 27
2422 1324 2455 1384 5

437 1454 648 1517 plurale,
692 1454 798 1504 sive
836 1454 936 1504 duo
966 1454 1243 1515 singularia
1288 1453 1502 1505 nomina
1535 1456 1930 1518 coniunguntur,
1967 1457 2075 1507 sive
2112 1457 2308 1521 disjun-

438 1519 673 1580 guntur,”
728 1520 870 1569 Pors.
928 1518 994 1568 ad
1034 1519 1230 1567 Hecub.
1286 1520 1600 1569 86.-—-Pro
1651 1521 1965 1583 ὑποκέκριται,
2025 1523 2309 1584 ὑπεκρίνατο

436 1585 486 1632 k.
515 1599 558 1632 r.
582 1599 622 1633 s.
647 1583 730 1633 6¹⁸.
755 1587 834 1633 em.
867 1582 949 1631 Αἱ.
973 1583 1055 1632 A‘3.
1089 1585 1141 1631 et
1177 1602 1257 1646 γρ.
1293 1583 1351 1634 F.
1384 1584 1436 1633 S.
1506 1584 1626 1632 Mox
1659 1589 1797 1637 αὐτὸς
1835 1587 1887 1636 S.
1910 1586 1970 1636 Y.
2052 1588 2200 1637 οὕτως
2243 1587 2306 1637 Ο.

441 1647 572 1699 οὗτος
592 1649 1178 1708 πώεα-παρέλειπεν
1201 1646 1374 1709 (idque
1404 1662 1505 1697 rec.
1541 1663 1696 1709 supra
1727 1650 1949 1714 versum)
1978 1649 2032 1700 S.
2098 1652 2308 1716 ὑπερέβη

436 1713 484 1763 k.
503 1727 544 1762 s.
571 1716 653 1762 em.
673 1716 752 1761 em.
775 1710 854 1762 Al.
875 1710 957 1760 ΑΞ.
981 1711 1126 1761 Harl.
1193 1711 1435 1761 Fortasse
1454 1712 1731 1765 Scholium.
1759 1713 1876 1764 vid.
1899 1718 1925 1776 ς
1948 1715 2059 1766 280.

437 1887 517 1935 καὶ
551 1887 651 1948 γάρ
686 1904 759 1936 τις
795 1886 937 1935 αὐτόν
969 1883 1186 1950 (Lysias)
1194 1922 1309 1934 ......
1418 1884 1514 1935 736
1546 1883 1591 1933 F
1634 1886 1865 1948 Βρούτους
1908 1884 2137 1935 ἀπεκάλει
2189 1888 2301 1939 τοὺς

435 1955 639 2013 ἔναγχος
659 1953 752 1999 τῶν
773 1953 1027 1999 πολιτικῶν
1047 1951 1175 1998 τοῦτ’
1200 1949 1317 1998 αὐτό
1418 1951 1598 2011 ἄνδρας,
1636 1949 1867 1998 followed
1907 1949 1976 2012 by
2011 1953 2299 2013 Βρούτους...

436 2019 658 2075 λοιδορῶν
699 2017 900 2078 ὠνείδιζε
928 2017 1006 2065 καὶ
1046 2016 1124 2063 διὰ
1157 2015 1316 2073 πάσης
1417 2013 1652 2063 ἀπεκάλει
1673 2017 1778 2063 τοὺς
1808 2016 1992 2075 ἄνδρας,
2014 2015 2157 2063 there
2188 2015 2235 2063 is
2269 2030 2303 2067 a

438 2083 523 2139 τῆς
544 2082 776 2141 λοιδορίας
798 2081 957 2129 ἐκάλει
980 2080 1308 2141 λογογράφον,
1417 2077 1593 2125 mixed
1627 2079 1808 2126 notion
1842 2079 1896 2126 oi
1938 2078 2027 2127 the
2071 2081 2300 2141 by-name

436 2143 542 2192 and
571 2143 618 2191 D
653 2146 791 2203 δόξαν
835 2146 1121 2206 φοβούμενοι
1128 2180 1242 2192 ......
1248 2143 1315 2201 μὴ
1417 2140 1522 2189 and
1541 2141 1631 2190 the
1656 2143 1953 2192 nich-name.
2022 2141 2051 2190 I
2072 2156 2157 2190 am
2178 2143 2303 2204 only

434 2210 664 2321 333⁰?
681 2204 1315 2332 {ss'ssffssss‘ffiiffissffissi
1414 2206 1676 2319 {mg}
1712 2208 1809 2318 *33⁰
1825 2205 2300 2331 ..zzzsszffzwgssssa

433 2349 561 2384 were
593 2290 719 2384 uggd
752 2338 807 2383 to
838 2349 1027 2395 convey
1047 2333 1136 2382 the
1175 2347 1313 2381 same
1414 2347 1586 2382 sense:
1614 2348 1710 2382 one
1723 2333 1993 2382 furnished
2004 2333 2071 2394 by
2085 2333 2298 2396 Lennep

431 2397 563 2448 idea.
652 2400 826 2461 Comp.
866 2400 974 2446 also
1015 2396 1186 2446 Alexis
1230 2412 1312 2459 ap.
1416 2397 1549 2456 (who
1592 2412 1661 2446 on
1701 2397 1903 2446 Phalar.
1948 2412 2001 2458 p.
2046 2399 2153 2457 198,
2200 2399 2295 2449 199

433 2464 619 2515 Athen.
660 2477 729 2512 rx.
760 2478 810 2524 p.
850 2464 944 2511 383
977 2462 1022 2510 E
1062 2465 1236 2522 πολλῷ
1260 2461 1310 2525 γ’
1413 2460 1509 2511 has
1536 2461 1797 2510 discussed
1838 2460 1926 2509 the
1962 2460 2117 2522 word)
2160 2461 2299 2513 from

433 2531 644 2586 ἀμείνων,
689 2530 748 2579 ὡς
795 2529 965 2584 ἔοικας,
997 2526 1106 2586 ἦσθ’
1160 2529 1286 2589 apa!
1414 2525 1673 2574 Plutarch.
1711 2525 1766 2576 Τ.
1805 2539 1864 2573 11.
1892 2539 1943 2585 p.
1974 2526 2068 2577 776
2098 2525 2165 2583 E,
2203 2525 2297 2576 tho

431 2593 749 2655 λογογράφος,
776 2593 807 2651 ἢ
823 2593 1061 2653 μάγειρος.
1196 2593 1313 2639 ἀπο-
1414 2589 1562 2637 other
1582 2603 1757 2639 occurs
1778 2589 1835 2637 in
1858 2589 2067 2637 Aristot.
2096 2604 2154 2638 11.
2178 2589 2293 2640 Nic.

432 2657 611 2718 καλῶν]
632 2656 867 2719 properly
902 2658 936 2681 “
947 2657 1121 2716 yiviny
1156 2671 1190 2703 α
1228 2657 1311 2718 by·
1412 2652 1584 2702 Ethio.
1638 2655 1783 2711 9=9,
1822 2656 1853 2705 7
1907 2656 1984 2702 καὶ
2027 2656 2125 2716 γὰρ
2162 2655 2296 2713 ἡμεῖς

430 2724 624 2779 name‚’'
671 2735 712 2769 e.
727 2735 772 2781 g.
810 2718 1102 2778 Beauolerk‚
1150 2718 1310 2767 Lack-
1414 2718 1494 2766 ὁτὲ
1513 2720 1601 2776 μὲν
1622 2721 1729 2766 τοὺς
1751 2721 2055 2768 ἐλλείποντας
2075 2721 2292 2767 ἐπαινοῦ-

431 2785 567 2846 land,
592 2784 818 2833 whether
836 2783 896 2832 in
918 2797 949 2831 a
969 2782 1100 2843 good
1121 2797 1180 2831 or
1210 2782 1311 2832 bad
1410 2799 1511 2840 μεν,
1558 2785 1636 2831 καὶ
1679 2783 1857 2843 πράους
1899 2784 2068 2841 φαμέν·
2127 2783 2207 2831 ὁτὲ
2240 2784 2296 2832 δὲ

432 2863 596 2897 sense.
664 2847 802 2899 Such
835 2860 1015 2896 names
1054 2847 1310 2908 generally
1411 2848 1518 2896 τοὺς
1534 2849 1912 2907 χαλεπαίνοντας
1923 2845 2161 2908 ἀνδρώδεις
2175 2844 2295 2896 ἀπο-

430 2913 583 2973 being
615 2917 648 2940 “
661 2910 1019 2971 nich-names,”
1050 2910 1139 2958 the
1172 2910 1310 2959 word
1410 2911 1656 2969 καλοῦμεν.

427 2976 714 3038 frequently
734 2990 790 3025 as
817 2975 937 3023 here
958 2974 1004 3022 is
1025 2976 1081 3022 to
1107 2975 1169 3023 be
1195 2989 1309 3023 ren·
1471 2974 1584 3022 418.
1621 2976 1648 3033 5
1672 2973 1784 3025 274.
1849 2972 1953 3022 For
1974 2972 2287 3035 Theodorus,

429 3038 1307 3100 dered“cal].ingcontemptuously‚”
1408 3050 1492 3087 see
1514 3038 1839 3087 Valckenaer.
1856 3037 2072 3086 Diatrib.
2095 3053 2147 3100 p.
2173 3039 2283 3090 182.

428 3104 531 3155 and
549 3104 597 3154 is
628 3104 800 3165 joined
819 3102 945 3151 with
979 3104 1037 3154 ὡς
1069 3106 1121 3152 ἐν
1147 3104 1309 3152 ὀνείδει
1407 3102 1578 3149 Molon
1630 3101 1678 3150 is
1712 3101 1997 3164 (according
2028 3104 2082 3151 to
2125 3112 2289 3163 some>

427 3170 558 3218 Plat.
604 3169 756 3228 Gorg.
786 3183 839 3230 p.
868 3167 964 3215 512
997 3167 1053 3215 C.
1117 3167 1182 3214 In
1213 3167 1305 3215 the
1407 3165 1608 3214 alluded
1648 3169 1703 3215 to
1739 3166 1798 3214 in
1841 3166 1994 3218 Arist.
2053 3165 2186 3215 Ran.
2225 3167 2291 3215 55

427 3233 664 3294 spurious
687 3232 916 3293 dialogue
940 3230 1188 3292 Sisyphus
1209 3232 1304 3280 391
1404 3229 1567 3291 μικρὰς
1598 3231 1760 3290 ἡλίκος
1792 3231 1985 3279 Μόλων.
2061 3229 2156 3279 See
2199 3229 2294 3279 the

426 3297 472 3344 D
506 3296 623 3358 πρὸς
639 3300 685 3346 τί
708 3300 786 3346 οὖν
808 3299 927 3345 ποτε
949 3297 1305 3359 ἀποβλέποντες
1407 3293 1673 3344 Scholiast.

428 3364 663 3422 ἄνθρωποι
725 3361 931 3423 πράγμα
984 3362 1306 3409 ἀποκαλοῦσιν
1405 3363 1438 3386 “
1457 3358 1693 3418 knowing
1729 3358 1874 3407 them
1905 3357 1973 3418 by
2002 3356 2199 3416 heart‚”
2231 3372 2292 3407 as

424 3425 698 3485 ἀνθρώπους
721 3428 967 3487 εὐβούλους
987 3442 1043 3472 τε
1063 3426 1143 3472 καὶ
1166 3441 1303 3472 κακο·
1405 3422 1536 3471 Plat.
1561 3421 1775 3471 Phaedr.
1814 3423 1908 3470 228
1941 3422 2002 3470 Β.
2068 3422 2136 3471 So
2165 3421 2288 3470 Pro-

423 3493 627 3549 βούλους
669 3491 783 3538 εἷναί
819 3505 977 3546 τινας;
1033 3487 1061 3535 Ι
1099 3489 1302 3548 suspect
1402 3487 1561 3546 tegor.
1594 3487 1689 3534 325
1734 3486 1778 3534 E
1835 3484 2140 3545 ἐκμανθάνειν
2178 3491 2210 3514 “
2228 3488 2284 3534 to

425 3554 540 3601 that
563 3554 659 3601 ἀπὸ
675 3552 770 3600 has
792 3555 930 3613 crept
950 3553 1008 3600 in
1028 3552 1161 3600 from
1185 3555 1301 3600 ἀπο-
1403 3550 1548 3599 learn
1567 3549 1636 3611 by
1655 3550 1855 3598 heart.’'

423 3620 698 3678 βλέποντες,
738 3615 843 3663 and
877 3616 993 3664 that
1036 3618 1304 3677 ἀνθρώπους
1469 3615 1626 3674 ἓ275.
1709 3619 1741 3642 “
1757 3613 1869 3662 Ῡου.
1922 3611 2093 3675 surely
2138 3613 2292 3663 know

426 3682 532 3728 also
552 3680 600 3729 is
622 3694 690 3729 an
709 3678 953 3729 intruder.
988 3678 1244 3729 Plutarch.
1264 3693 1302 3728 1.
1405 3676 1529 3737 this,
1554 3677 1741 3729 thatin
1763 3677 1831 3728 all
1849 3676 2028 3738 Tragio
2048 3678 2290 3740 Dramas.

1906 3293 2287 3357 ἐξεπιστάμενος]
