2667 4142
395 172 516 239 176
820 170 824 175 ’
1010 171 1553 238 DEMOSTHEN
1559 171 1643 236 IS

391 320 812 408 ἐξετάσαντες.
888 323 956 389 τί
979 321 1088 389 οὖν
1126 324 1268 389 ε’στι
1294 329 1534 403 ταῦτα;
1581 322 1626 389 ἃ
1669 323 1839 407 ὑμεῖς
1875 325 2013 390 ἴστε
2045 324 2151 390 καὶ
2187 324 2260 389 οὑ

255 436 366 492 218
390 426 542 514 παρ’
576 426 753 509 ἡμῶν
797 424 953 508 ι’μᾶς
997 423 1268 491 ἀκοῦσαι
1309 424 1415 490 δεῖ.
1504 426 1562 492 εἰ
1598 426 1713 506 μὲν
1750 425 1873 512 γὰρ
1904 424 2129 493 ἅπανθ’
2160 425 2258 490 ὅσ’
2290 451 2410 502 ²40

392 529 732 617 ὑπέσχονθ’
753 527 894 611 ὑμῖν
914 528 982 593 ἐκ
999 532 1109 606 τῆς
1126 527 1369 611 εἰρήνης
1385 527 1616 609 γέγονε,
1627 528 1733 592 καὶ
1746 527 2056 607 τοσαύτης
2073 526 2259 592 ἀναν-

390 632 563 717 δρίας
606 632 711 696 καὶ
750 630 970 700 κακίας
1010 629 1178 711 ὑμεῖς
1219 628 1583 712 ὁμολογεῖτε
1624 627 1781 694 εἶναι
1818 628 2062 709 μεστοί,
2094 625 2260 692 ὥστε

389 732 530 811 μήτ’
555 734 620 798 ἐν
642 735 719 817 τῇ
743 732 923 821 χώρᾳ
944 734 1066 796 τῶν
1094 731 1421 799 πολεμίων
1450 730 1648 794 ὄντων
1676 729 1819 809 μήτ’
1838 730 1910 793 ἐκ
1940 728 2257 810 θαλάττης

238 850 367 913 409
390 836 908 918 πολιορκούμενοι
925 831 1068 915 μήτ’
1094 833 1159 897 ἐν
1182 831 1365 914 ἄλλῳ
1385 830 1600 912 μηδενὶ
1624 830 1800 917 δεινῷ
1838 829 1847 917 Ι
1882 833 1994 910 τῆς
2015 832 2258 901 πόλεως

391 935 600 1016 οὔσης,
644 934 820 1000 ἀλλὰ
855 935 963 999 καὶ
1014 937 1195 997 σῖτον
1240 931 1468 995 εὔωνον
1511 930 1840 1012 ὠνούμενοι
1890 931 1997 996 καὶ
2043 931 2259 996 τᾶλλα

256 1067 366 1121 219
392 1037 562 1102 οὐδὲν
597 1042 810 1126 χεῖρον
843 1035 1230 1120 πράττοντες
1273 1031 1310 1112 ἢ
1361 1037 1484 1108 νῦν,
1527 1029 1883 1116 προειδότες
1927 1030 2029 1096 καὶ
2060 1057 2255 1116 προα-
2286 1053 2398 1103 241

392 1137 680 1216 κηκοότες
707 1137 884 1221 παρὰ
912 1132 1150 1199 τούτων
1179 1132 1286 1197 καὶ
1315 1130 1456 1201 τοὺς
1496 1133 1871 1220 συμμάχους
1906 1130 2256 1212 ἀπολουμέ-

391 1266 531 1307 νους
576 1238 682 1305 καὶ
733 1237 1059 1317 Θηβαίους
1107 1233 1405 1322 ἰσχυροῖς
1453 1235 1902 1317 γενησομένους
1953 1233 2059 1298 καὶ
2099 1233 2258 1299 τάπὶ

392 1343 650 1429 Θρᾴκης
696 1341 1032 1406 Φίλιππον
1080 1340 1448 1423 ληψόμενον
1508 1336 1613 1400 καὶ
1671 1337 1737 1401 ἐν
1783 1335 2030 1423 Εὐβοίᾳ
2066 1362 2255 1402 κατα-

392 1442 953 1523 σκευασθησόμενα
987 1438 1332 1524 ὁρμητήρια
1376 1435 1471 1523 ἐφ’
1504 1435 1662 1519 ὑμᾶς
1706 1437 1806 1500 καὶ
1848 1436 2035 1500 πάνθ’
2065 1432 2110 1499 ἃ
2148 1439 2258 1501 πέ-

391 1573 670 1632 πρακται
726 1545 1128 1628 «γενησόμενα,
1189 1541 1326 1606 εἶτα
1383 1543 1496 1621 τὴν
1552 1540 1799 1626 εἰρήνην
1867 1542 2257 1623 ἐποιήσασθε

392 1652 746 1734 ἀγαπητῶς,
806 1645 1325 1733 ἀποψηφίσασθε
1389 1645 1720 1731 Αἰσχίνου,
1789 1647 1897 1709 καὶ
1955 1645 2041 1727 μὴ
2101 1647 2257 1733 πρὸς

391 1841 536 1888 Idem
559 1841 678 1888 fecit
700 1840 867 1888 VOEM.
947 1839 1024 1888 Of.
1060 1838 1183 1887 Mid.
1208 1853 1258 1899 p.
1296 1839 1442 1898 5425
1482 1841 1545 1887 88
1582 1842 1655 1888 δεῖ
1694 1843 1751 1899 δὴ
1787 1844 1929 1891 τοῦτο
1962 1845 2018 1891 τὸ
2056 1847 2253 1906 πρᾶγμα

395 1907 512 1963 ὑμᾶς
534 1908 705 1953 οὑτωσὶ
728 1908 1018 1967 σκέψασθαι,
1054 1909 1130 1951 καὶ
1155 1906 1445 1964 λογίσασθαι
1452 1942 1567 1954 ......
1577 1905 1666 1953 κᾶν
1693 1909 1779 1965 μὲν
1809 1907 1842 1968 ᾗ
1849 1944 1962 1956 ......
1970 1913 2255 1969 συγγνώμην

395 1975 535 2029 ἔχειν,
586 1973 665 2027 ἐᾴν
710 1972 759 2017 δὲ
790 1972 948 2028 μηδέν,
1001 1975 1028 2015 θ
1037 1987 1060 2016 ε
1071 1972 1099 2015 ά
1110 1984 1142 2015 σ
1151 1986 1181 2015 α
1193 1971 1258 2015 σθ
1269 1986 1292 2015 ε
1335 1972 1477 2015 κ.τ.λ.

1614 1983 1703 2029 pro
1749 1970 1781 2018 οἳ
1819 1970 2008 2033 πάντες,
2053 1972 2255 2022 ἅπαντες

396 2034 445 2083 S.
475 2034 766 2081 Ῡ.--τίνα
789 2046 966 2079 omnes
990 2034 1186 2092 praeter
1211 2031 1260 2080 S.
1289 2031 1349 2080 Y.
1419 2031 1534 2080 vid.
1562 2032 1626 2079 ad
1648 2037 1673 2093 ς
1698 2035 1774 2082 70.

493 2100 518 2157 §
544 2098 652 2145 240.
722 2100 818 2159 γὰρ
844 2096 981 2158 (ante
1006 2096 1193 2157 ἅπανθ’)
1220 2110 1319 2142 om.
1348 2094 1395 2144 S.
1425 2110 1465 2146 r.
1496 2110 1536 2145 s.
1562 2097 1659 2144 En.
1686 2097 1863 2147 Tuam.
1887 2097 2056 2149 Vomt.
2085 2100 2249 2148 anx.

394 2163 661 2283 ἓξανδρείας
685 2225 734 2273 S.

595 2163 820 2221 ὑπέσχεθ’
845 2160 903 2207 F.
930 2159 985 2220 Q.
1016 2160 1071 2209 O.
1101 2159 1151 2206 k.
1175 2173 1217 2206 r.
1243 2173 1283 2206 s.
1308 2161 1344 2209 t.
1375 2174 1425 2207 u.
1445 2174 1492 2207 v.
1517 2162 1567 2207 et
1582 2160 1717 2221 vulg.
1742 2164 1860 2209 ante
1881 2161 2060 2215 Rmsx.
2130 2165 2254 2213 Mox

488 2290 646 2350 3241.
714 2291 818 2350 περὶ
854 2289 965 2347 (pro
1005 2286 1157 2346 παρσῖ)
1194 2301 1233 2337 r.
1277 2300 1316 2335 s,
1360 2291 1433 2334 em.
1475 2285 2022 2351 ΑῙ.-γεγενημένους
2052 2291 2104 2340 k.
2137 2306 2179 2340 r.
2207 2307 2246 2340 s.

392 2353 470 2402 Al.
511 2353 590 2401 Αἵ.
635 2353 777 2400 Harl.
827 2354 879 2411 (“
898 2366 960 2398 ex
1003 2350 1237 2398 secundis
1279 2350 1471 2407 cm·is”)
1517 2351 1764 2411 probante
1800 2353 2032 2404 ΤΔΥιοιιο
2047 2374 2062 2405 :
2104 2371 2254 2417 quem

390 2417 664 2465 manifesto
713 2415 955 2464 erravisse
998 2415 1132 2463 nihil
1175 2429 1302 2476 opus
1335 2416 1413 2462 est
1454 2416 1514 2462 ut
1558 2415 1803 2465 evinoam.
1869 2418 1992 2467 Mox
2033 2421 2154 2469 τάπὶ
2195 2422 2254 2469 S.

393 2613 470 2659 καὶ
495 2608 600 2669 οὐχὶ
620 2609 714 2655 τῶν
735 2605 1141 2661 πεπολιτευμένων
1175 2604 1271 2661 ἐξέ·

391 2691 529 2722 τοισιν
573 2674 784 2729 ποιήσειν
830 2669 962 2727 ὑμᾶς,
1012 2671 1089 2716 καὶ
1122 2665 1271 2728 λόγου

393 2741 542 2795 κρίσιν
570 2736 622 2784 οὐ
646 2736 731 2782 τοῦ
759 2733 823 2796 τῇ
844 2732 979 2779 πόλει
1012 2734 1270 2792 συμφέρον-

393 2819 471 2850 τος
483 2802 689 2857 ἔσεσθαι,
708 2797 875 2845 where
888 2795 1073 2844 Dissen
1090 2797 1267 2855 quotes

393 2865 550 2913 Thac.
582 2877 658 2911 111.
676 2862 751 2912 67.
809 2861 897 2921 ΟΡ.
922 2874 1000 2909 111.
1022 2860 1085 2906 38
1106 2858 1278 2906 where

393 2929 481 2976 the
503 2927 713 2986 feelings
736 2925 788 2972 of
810 2939 876 2972 an
899 2922 1156 2971 Athenian
1182 2936 1268 2969 au-

394 2993 569 3041 dience
592 2990 705 3037 who
726 2990 859 3036 went
881 2989 935 3035 to
958 2987 1046 3035 the
1082 2988 1274 3033 assem-²

390 3057 477 3118 bly
498 3054 689 3115 merely
709 3054 765 3100 in
787 3053 935 3112 quest
973 3050 1026 3098 of
1050 3049 1271 3098 intellec-

391 3121 501 3170 tual
531 3119 831 3167 excitement
866 3128 952 3163 are
982 3128 1038 3161 so
1071 3113 1270 3173 graphi-

394 3185 526 3244 eally
555 3179 856 3237 delineated,
897 3182 1037 3227 αἴτιοι
1076 3178 1114 3226 δ’
1146 3179 1271 3234 ὑμεῖς

395 3250 549 3298 κακῶς
623 3242 1034 3305 ἀγωνοθετοῦντες,
1109 3243 1271 3291 οἵτινες

393 3313 590 3360 εἰώθατε
636 3312 802 3359 θεαταὶ
845 3309 930 3366 μὲν
980 3306 1074 3354 τῶν
1115 3306 1274 3367 λόγων

395 3379 661 3437 γίγνεσθαι,
691 3372 918 3435 ἀκροαταὶ
937 3373 988 3420 δὲ
1007 3371 1103 3418 τῶν
1124 3373 1273 3431 ἔργων

395 3443 544 3490 κ.τ.λ.

456 3506 506 3564 ἐξ
530 3501 795 3550 240—242.
867 3499 917 3547 If
948 3498 1017 3546 811
1046 3496 1134 3545 the
1156 3510 1269 3556 pro-

392 3568 547 3615 mises
601 3564 724 3625 they
766 3563 912 3611 made
965 3562 1094 3609 have
1142 3560 1272 3611 been

393 3629 624 3689 fulfined,
662 3626 765 3676 and
808 3639 910 3688 you
956 3624 1118 3674 admit
1158 3623 1279 3672 that.

1369 2615 1472 2662 you
1507 2601 1638 2650 have
1676 2601 1937 2661 oowardly,
1964 2602 2089 2650 with
2126 2618 2253 2664 your

1371 2680 1486 2727 eyes
1522 2680 1654 2727 open
1709 2668 1764 2713 to
1818 2665 2032 2727 Philip’s
2080 2666 2254 2715 future

1371 2744 1548 2778 course
1570 2730 1624 2778 of
1655 2730 1838 2789 aetion,
1867 2729 2098 2778 deserted
2124 2745 2252 2792 your

1371 2794 1514 2842 allies
1538 2793 1639 2842 and
1664 2793 1809 2841 made
1830 2808 1984 2854 peace
2014 2808 2082 2842 on
2113 2795 2250 2842 what

1371 2860 1528 2906 terme
1566 2873 1668 2918 you
1689 2857 1851 2914 could,
1881 2857 1949 2919 by
1980 2858 2049 2905 all
2070 2872 2248 2906 means

1372 2921 1542 2982 aequit
1584 2920 1890 2971 Aeschines:
1942 2921 2033 2969 but
2076 2921 2119 2969 if
2149 2937 2247 2983 you

1370 2984 1500 3034 have
1522 2986 1650 3033 been
1678 2984 1912 3033 deceived
1934 2984 2036 3033 and
2058 2986 2248 3047 oajoled

1370 3049 1439 3110 by
1490 3049 1573 3097 his
1628 3048 1769 3109 lying
1819 3049 2083 3109 promises,
2137 3064 2248 3110 pro-

1370 3127 1569 3161 nounce
1589 3112 1881 3174 judgement
1905 3112 2102 3173 against
2119 3113 2243 3169 him,

1372 3181 1454 3227 dcc.
1610 3182 1641 3204 ‘⁴
1663 3178 1931 3236 ὑπέσχοντο
1980 3178 2246 3225 sareastiee

1371 3240 1495 3288 dicit
1528 3254 1620 3301 pro
1657 3243 1881 3301 προεῖπον
1912 3240 2088 3289 acerbe
2131 3241 2243 3288 sub-

1371 3318 1597 3352 sannans
1618 3306 1704 3353 τὰς
1723 3303 1820 3352 τῶν
1840 3304 2252 3361 Μακεδονιζόντων

1373 3371 1677 3427 ὑποσχέσειςε
1713 3367 1861 3415 facile
1889 3367 2030 3415 enim
2057 3367 2242 3416 intelli-

1370 3432 1507 3492 gitur
1527 3432 1652 3479 talia
1672 3430 1804 3479 serio
1832 3446 1939 3479 non
1963 3445 2114 3491 posse
2148 3431 2245 3480 dici

1369 3495 1808 3558 pollicitationes.'’
1875 3496 2091 3545 θεων.

1393 3586 1396 3591 »
1435 3560 1545 3609 409.
1576 3560 1730 3618 5241.
1780 3561 1831 3607 ἐν
1852 3558 2054 3621 Εὐβοίᾳ]
2070 3559 2138 3608 In
2157 3559 2246 3608 the

1371 3622 1544 3685 spring
1581 3623 1634 3671 of
1676 3625 1770 3672 343
1818 3636 1913 3673 mc.
1956 3627 2050 3672 not
2091 3637 2245 3685 many

2479 1910 2504 1927 ·
2601 1636 2651 2081 ³1
