2667 4142
752 219 873 282 DE
930 217 1214 282 FALSA
1272 214 1797 280 LEGATIONE.
2090 214 2210 275 125

335 377 496 461 ὑμᾶς
553 378 702 461 περὶ
759 377 950 443 τῶνδε
1005 380 1130 442 τῶν
1187 374 1370 458 ἐγγὺς
1421 373 1526 438 καὶ
1575 370 1883 453 μειζόνων,
1932 369 2099 452 λε’·’γω
2146 368 2214 434 δὲ

213 480 310 553 167
338 481 616 545 Φωκέων
645 479 753 545 καὶ
791 482 1043 556 Πυλῶν,
1074 477 1143 544 οὐ
1187 475 1605 562 προήσεσθαι·
1645 472 1732 555 μὴ
1770 471 2213 559 προλαβόντος

338 586 390 651 δ’
422 587 659 651 ἐκείνου
697 591 900 651 ταῦτα
941 583 1081 667 μηδ’
1113 582 1286 667 ὑμῶν
1325 578 1843 664 ἐξαπατηθέντων
1882 575 2109 643 ἅπαντ’
2147 579 2216 644 ἐν

339 688 627 772 ἀσφαλεῖ
661 688 743 752 τὰ
779 685 1103 772 πράκγμαθ’
1132 684 1277 767 ὑμῖν
1309 684 1591 757 ἔσεσθαι,
1631 682 1737 747 καὶ
1780 680 1930 767 παρ’
1968 679 2215 751 ἑκόντος

338 788 641 874 ὑπάρξειν
688 789 879 855 αὑτοῦ
925 788 1006 854 τὰ
1049 785 1272 853 δίκαια.
1361 786 1469 851 καὶ
1514 783 1685 849 ταῦτ’
1732 782 1985 851 εἰκότως·
2020 779 2213 851 οὕτως
2242 811 2351 871 153

337 889 794 973 ὑπελάμβανον
855 890 1027 972 ἕξειν.
1140 889 1196 953 εἰ
1259 886 1383 970 γὰρ
1442 885 1621 967 ἦσαν,
1682 884 1762 955 ὡς
1826 884 1995 967 ἦσαν
2049 884 2210 961 τότε,

337 995 584 1063 Φωκεῖς
651 997 807 1079 σῷοι
874 992 981 1057 καὶ
1050 991 1272 1061 Πύλας·
1331 989 1520 1078 εἶχον,
1586 990 1813 1058 ἐκεῖνος
1867 986 1984 1070 μὲν
2039 984 2214 1051 οὐδὲν

338 1093 417 1158 ἂν
453 1093 462 1181 Ι
503 1093 650 1177 ὑμῖν
703 1092 872 1181 εἶχεν
927 1092 1374 1159 ἀνατείνασθαι
1423 1092 1713 1177 φοβερόν,
1760 1088 1835 1154 δι’
1880 1087 1913 1154 ὃ
1956 1091 2080 1154 τῶν
2123 1087 2211 1152 δι·
2239 1085 2364 1166 389

214 1212 313 1267 168
338 1198 530 1261 καίων
569 1198 646 1261 ἄν
685 1224 748 1261 τι
788 1194 1129 1281 παρείδετε·
1172 1193 1313 1259 οὔτε
1351 1191 1473 1276 «γὰρ
1513 1192 1674 1257 κατὰ
1714 1194 1833 1272 ’γῆν
1876 1188 2213 1275 παρελθὼν

339 1301 479 1366 οὔτε
521 1301 706 1366 ναυσὶ
745 1298 1065 1383 κρατήσας
1108 1296 1193 1364 εἰς
1236 1295 1351 1377 τὴν
1388 1293 1685 1374 Ἀττικὴν
1722 1292 1892 1376 ἥξειν
1930 1292 2209 1374 ἔμελλεν,

338 1402 507 1482 ὑμεῖς·
550 1401 603 1465 δ’
649 1404 884 1468 ἐκείνου
929 1404 1340 1489 παραχρῆμα,
1382 1398 1437 1463 εἰ
1471 1397 1558 1478 μὴ
1604 1395 1686 1461 τὰ
1727 1397 1937 1462 δίκαια
1979 1395 2207 1473 ποιοίη,

338 1507 615 1571 κλείσειν
657 1508 739 1570 τὰ
782 1504 1069 1591 ἐμπόρια,
1113 1505 1220 1569 καὶ
1257 1502 1601 1591 χρημάτων
1636 1500 1690 1566 τ’
1729 1502 1797 1565 ἐν
1837 1497 2068 1564 σπάνει
2106 1500 2213 1563 καὶ

272 1620 293 1635 “
339 1611 461 1673 τῶν
507 1608 725 1672 ἄλλων
775 1610 842 1672 ἐν
886 1607 1225 1693 πολιορκία
1274 1606 1476 1671 πάλιν
1528 1603 1714 1669 αὑτὸν
1763 1603 2207 1682 καταστήσειν,

340 1710 488 1777 ὥστ’
538 1712 764 1780 ἐκεῖνος
812 1709 844 1774 ὁ
895 1709 1249 1775 δουλεύσων
1293 1709 1559 1792 ἔμελλεν
1605 1707 1868 1773 ἔσεσθαι
1913 1709 2040 1773 τοῖς
2083 1702 2212 1768 ἀπὸ

338 1910 458 1958 Mox
479 1912 558 1959 καὶ
583 1911 681 1960 τῶν
708 1913 926 1971 μειζόνων
955 1910 1013 1961 F.
1035 1912 1093 1971 Q.
1115 1911 1173 1959 Ο.
1196 1926 1236 1959 r.
1256 1926 1370 1960 u.v.
1441 1910 1540 1960 Sed
1572 1912 1665 1959 τῶν
1693 1914 1839 1973 ἐγγὺς
1877 1912 1953 1959 καὶ
1991 1910 2212 1971 μειζόνων

338 1975 697 2035 respondentia
720 1975 785 2023 ad
806 1978 904 2025 τοῖς
927 1978 1084 2038 πόρρω
1108 1979 1184 2024 καὶ
1209 1976 1451 2036 ἐλάττοσι,
1480 1975 1545 2023 ad
1567 1975 1742 2024 eadem
1763 1976 2039 2036 pertinent.

432 2041 459 2099 ὃ
484 2039 592 2091 167.
663 2043 1061 2089 ἐπανατείνασθαι
1082 2058 1162 2102 γρ.
1185 2041 1241 2089 F.
1269 2040 1316 2088 S.
1340 2040 1396 2100 Q.

430 2106 458 2163 §
483 2102 593 2152 168.
650 2104 776 2152 vrbem
798 2104 909 2151 sine
933 2107 1143 2152 accentu
1162 2119 1236 2165 pr.
1269 2104 1320 2153 S.
1357 2124 1387 2163 η
1409 2103 1569 2164 antiq.
1595 2103 1706 2154 add.
1744 2106 1873 2151 ποιοῖ
1899 2104 1998 2153 En.
2025 2103 2208 2153 Τσιιιο.

339 2165 500 2216 anz.
521 2168 583 2216 st.

718 2171 945 2216 δουλεύων
965 2167 1043 2217 Al.
1068 2169 1115 2216 k.
1133 2183 1172 2217 s.
1187 2169 1637 2217 D1nn.—-eae06oee
1655 2171 1854 2225 ἔμελλεν
1868 2168 1922 2228 Q.
1947 2167 2005 2217 O.
2027 2171 2065 2216 t.
2088 2183 2136 2218 u,
2158 2184 2207 2216 v.

341 2234 541 2287 ἔμελλεν
577 2246 677 2280 om.
718 2247 793 2293 pr.
831 2232 880 2282 S.
920 2232 1018 2282 En.
1065 2232 1243 2282 Turno.
1295 2231 1466 2280 Vos-M.
1535 2232 1669 2281 Sane
1701 2233 1869 2292 potuit
1909 2233 2136 2293 suppleri
2179 2248 2208 2280 e

339 2295 658 2356 praegressis,
684 2310 807 2344 nam
835 2297 879 2344 si
917 2296 1040 2344 ὥστε
1060 2299 1256 2346 ἔσεσθαι
1288 2296 1485 2356 jungas,
1514 2296 1744 2356 syntaxis
1773 2296 1999 2357 postulat
2036 2299 2210 2346 ἐκεῖνον

340 2362 422 2406 τὸν
446 2363 779 2419 δουλεύσαντα,
804 2359 940 2422 quod
959 2361 1277 2410 Voemelium
1297 2360 1553 2408 monitum
1575 2360 1706 2408 volo.

339 2540 576 2587 sentence
596 2536 748 2597 being
783 2539 1225 2598 affirmativa-—

340 2606 456 2653 ὥστ’
464 2640 584 2652 ......
591 2605 644 2649 οὐ
696 2602 1013 2662 προήσεσθαι]
1104 2601 1220 2650 “So

338 2666 451 2715 that
487 2680 590 2727 you
625 2665 683 2713 in
714 2664 860 2712 those
890 2667 1082 2713 remote
1121 2664 1223 2712 and

338 2731 739 2791 less-important
761 2729 928 2789 places
958 2728 1224 2788 observing

338 2795 556 2855 Philip’s
618 2792 996 2852 over-reaching
1072 2792 1219 2853 spirit

338 2859 440 2907 and
460 2857 812 2906 faithlessness
836 2856 962 2919 [and
996 2858 1220 2916 drawing

339 2925 609 2985 inferences
653 2922 789 2981 from
840 2921 905 2981 it]
937 2919 1221 2981 respecting

338 2986 486 3035 those
528 2983 694 3033 which
719 2999 849 3032 were
885 2998 1008 3033 near
1033 2983 1136 3032 and
1166 2984 1220 3031 of

337 3064 478 3099 more
518 3049 647 3097 vital
683 3048 895 3096 interest
912 3086 1029 3098 ......
1054 3047 1221 3095 would

338 3117 428 3162 not
450 3114 646 3174 neglect
668 3111 858 3161 them.’'
923 3113 988 3159 In
1022 3111 1110 3160 the
1143 3114 1222 3160 di-

337 3186 453 3228 rect.
499 3184 626 3226 orat.
680 3176 769 3224 the
824 3177 1006 3225 Orator
1056 3175 1223 3223 would

337 3242 466 3291 have
509 3240 622 3290 said
664 3242 787 3291 ὥστε
829 3239 881 3290 οὗ
935 3238 1219 3303 προήσεσθε.

341 3306 433 3356 See
454 3307 580 3367 App.
609 3306 670 3352 B.

401 3372 512 3419 389.
531 3373 557 3430 ἕ
576 3369 685 3419 167.
744 3367 1095 3433 ἀνατείνασθαι]
1114 3368 1222 3416 The

339 3434 605 3495 metaphor
666 3432 712 3481 is
780 3433 1023 3494 probably
1088 3434 1219 3481 from

341 3499 664 3557 brandishiny
687 3512 885 3546 armour
897 3500 954 3546 in
975 3513 1009 3545 α
1029 3512 1217 3545 mnae·

339 3566 422 3623 inq
437 3577 656 3619 manner,
682 3575 739 3609 as
754 3561 812 3609 in
836 3560 1061 3622 Thucyd.
1084 3575 1133 3609 v.
1160 3562 1219 3612 17

341 3629 616 3694 ιιζιιριισκευὴ
660 3629 1069 3688 προεπανεσείσθη
1124 3628 1220 3674 ἀπὸ

338 3693 429 3740 τῶν
469 3692 860 3750 Δακεδαιμονίων.
928 3690 1016 3751 Cp.
1033 3703 1101 3738 IV.
1129 3690 1221 3739 126

1323 2536 1356 2595 ἢ
1400 2538 1475 2585 διὰ
1514 2538 1645 2596 κενῆς
1680 2535 1985 2587 ἐπανάσεισις
2019 2539 2116 2587 τῶν
2157 2539 2206 2587 ὅ·

1325 2604 1474 2660 πλων,
1508 2601 1610 2648 and
1647 2601 1866 2663 perhaps
1902 2602 2008 2649 also
2040 2617 2110 2650 vr.
2142 2604 2205 2653 86

1325 2665 1409 2713 οὐκ
1454 2668 1601 2713 ἄλλον
1656 2669 1761 2714 τινὰ
1821 2669 2207 2728 προσείοντες

1324 2731 1506 2789 φόβον
1546 2728 1755 2792 (though
1800 2744 1938 2777 some
1982 2745 2050 2778 on
2091 2731 2206 2780 that

1322 2806 1533 2852 passage
1575 2791 1706 2841 have
1761 2793 1977 2857 adopted
2029 2795 2206 2843 Ruhn-

1323 2857 1465 2904 ken's
1481 2856 1633 2907 view:
1669 2860 1934 2919 “alluriny
1966 2875 2023 2907 us
2047 2859 2205 2923 [lead-

1322 2935 1419 3032 ‘3⁷22
1441 2920 1725 3032 ²1:133.ssss
1755 2922 2206 3046 ἒίἓςὲζῖθὶοἷίῗῃ

1324 3047 1521 3096 Timaei
1541 3048 1713 3098 Lexic.
1731 3049 1893 3097 under
1914 3051 2123 3117 θαλλός).

1387 3113 1547 3172 ἕ168.
1617 3115 1696 3162 καὶ
1740 3113 1997 3174 χρημάτων
2000 3153 2116 3166 ......
2123 3135 2205 3165 κα·

1322 3177 1602 3239 ταστήσειν]
1658 3181 1690 3205 “
1709 3177 1825 3225 And
1857 3179 2023 3226 would
2056 3181 2207 3240 again

1322 3240 1506 3288 reduce
1518 3240 1629 3288 him
1642 3242 1697 3288 to
1707 3255 1738 3289 a
1755 3240 1932 3290 dearth
1941 3244 1994 3292 of
2006 3259 2204 3307 money,

1323 3303 1427 3351 and
1448 3303 1690 3365 touching
1711 3305 1781 3353 all
1803 3305 1949 3354 other
1968 3307 2140 3368 points
2153 3312 2208 3357 to

1322 3382 1354 3415 a
1395 3368 1590 3429 perfect
1632 3368 1924 3418 blockade.”
1992 3371 2085 3421 See
2116 3372 2206 3422 the

1323 3447 1560 3494 passages
1593 3433 1781 3493 quoted
1811 3433 1985 3493 below,
2025 3436 2200 3498 5362,

1323 3497 1426 3545 and
1464 3511 1697 3558 compare
1734 3497 1822 3546 the
1859 3499 2117 3547 condition
2154 3502 2208 3548 of

1322 3561 1510 3610 Russia
1543 3561 1694 3609 when
1731 3562 1853 3611 shut
1896 3563 2073 3612 within
2117 3564 2207 3613 the

1321 3625 1487 3673 Baltic
1531 3625 1634 3674 and
1682 3626 1841 3676 Black
1885 3627 1984 3678 Sea
2025 3628 2209 3690 during

1319 3689 1411 3739 the
1434 3690 1673 3739 Crimean
1692 3706 1810 3742 war.
