2667 4142
2309 19 2644 153 Ἶ

430 320 698 406 τυρήσω,
730 318 866 385 εἶτα
895 322 1019 385 τῶν
1047 317 1266 387 ἄλλων
1293 320 1630 406 πρέσβεων
1662 321 1928 388 ἕκαστον
1964 324 2157 398 καλῶ,
2190 321 2296 387 καὶ

431 423 600 489 δυοῖν
644 421 916 505 θάτερον,
961 420 1000 501 ἢ
1045 427 1382 508 μαρτυρεῖν
1423 420 1462 502 ἢ
1509 421 1889 506 ἐξόμνυσθαι
1931 420 2290 504 ἀναγκάσω.

431 522 540 586 ἐὰν
582 522 633 587 δ’
675 521 1073 605 ἐξομνύωσιν,
1120 525 1562 608 ἐπιορκοῦντας
1606 523 1910 605 ἐξελέγξω
1954 523 2104 612 παρ’
2151 523 2296 607 ὑμῖν

430 630 721 712 φανερῶς.

433 162 554 224 146
1046 158 1688 231 DEMOSTHENIS

1126 772 1601 835 ΜΑΡΤΤΡῙΑ.

560 869 740 942 Οἵοις
780 872 895 950 μὲν
938 871 1144 938 τοίνυν
1185 876 1399 941 κακοῖς
1445 872 1551 936 καὶ
1600 869 1935 956 πράγμασι
1981 878 2097 954 τὴν
2136 871 2291 941 ἀπο-

431 973 658 1055 δημίαν
700 978 919 1038 πᾶσαν
962 973 1366 1060 συνειχόμην,
1397 973 1725 1059 ἑωράκατε.
1812 976 1877 1040 τί
1911 974 2032 1060 γὰρ
2075 974 2292 1045 αὐτοὺς

431 1074 624 1140 οἴεσθ’
663 1077 791 1142 ἐκεῖ
825 1080 1026 1140 ποιεῖν
1066 1074 1246 1158 ἐγγὺς
1286 1074 1469 1147 ὄντας
1511 1081 1623 1141 τοῦ
1662 1075 1947 1154 διδόντος,
1990 1076 2079 1142 ὅθ’
2120 1076 2288 1158 ὑμῶν

430 1171 730 1257 ὁρώντων,
755 1175 878 1237 τῶν
906 1172 1011 1238 καὶ
1043 1176 1304 1253 τιμῆσαι
1332 1174 1558 1257 κυρίων
1588 1174 1781 1239 ὄντων
1803 1176 1910 1241 καὶ
1937 1172 2290 1249 τούναντίον

429 1271 719 1348 κολάσαι,
753 1276 1011 1337 τοιαῦτα
1039 1277 1366 1350 ποιοῦσιν;

555 1368 1082 1453 Συλλογίσασθαι
1110 1371 1184 1453 δὴ
1219 1372 1540 1453 βούλομαι
1569 1371 1652 1436 τὰ
1678 1375 2149 1460 κατηγορημένα
2178 1376 2283 1441 ἀπ’

425 1474 641 1562 ἀρχῆς,
676 1472 747 1538 ἵν’
779 1472 903 1545 ὅσα
940 1470 1084 1555 ὑμῖν
1122 1472 1496 1559 ὑπεσχόμην
1538 1472 1879 1561 ἀρχόμενος
1918 1480 2029 1542 τοῦ
2073 1478 2282 1559 λόγου,

425 1577 602 1660 δείξω
653 1576 1023 1657 πεποιηκώς.
1114 1577 1398 1660 ἐπέδειξα
1448 1576 1623 1641 οὐδὲν
1674 1576 1906 1657 ἀληθὲς
1962 1578 2284 1664 ἀπηγγελ-

2324 792 2429 850 195

297 905 401 965 177

2317 1396 2430 1468 196

520 1749 546 1807 g
568 1748 677 1796 195.
744 1749 867 1795 κατα
898 1749 985 1806 τὴν
1007 1748 1143 1795 ἀποδ.
1167 1746 1226 1794 F.
1249 1747 1310 1794 Y.
1329 1747 1386 1807 Q.
1418 1746 1474 1796 Ο.
1498 1749 1536 1795 t.
1560 1761 1609 1797 u.
1634 1761 1680 1796 v,
1698 1748 1749 1794 et
1771 1761 1802 1794 a
1822 1761 1890 1795 m.
1909 1761 2001 1797 seo.
2031 1762 2205 1808 margo
2230 1748 2279 1798 S.

421 1810 571 1871 Vulg.
595 1813 714 1859 ante
735 1811 899 1859 Bmuz.
957 1810 1316 1871 “Praepositio
1340 1811 1562 1871 profecta
1599 1825 1629 1858 a
1657 1824 1815 1858 manu
1848 1811 2234 1872 interpretantis
2252 1812 2279 1835 ''

424 1875 645 1923 Senum.
778 1874 1076 1936 συνεσχόμην
1110 1874 1156 1924 Β.
1203 1875 1263 1923 Y.
1297 1876 1333 1923 t.
1376 1889 1427 1922 v.
1463 1874 1563 1922 En.
1592 1874 1771 1922 Temo.
1804 1874 1973 1924 Volua.
2009 1876 2174 1924 ΒΕΚΚ.
2215 1878 2278 1924 et.

419 1938 689 1999 Displicet3
723 1953 828 1986 non
871 1953 971 1999 quo
1008 1938 1223 1998 έσχόμην
1263 1938 1456 1999 passivi
1510 1939 1672 1986 vicem
1728 1938 1978 1986 sustinere
2032 1939 2278 1990 diffitear:

421 2002 484 2052 of.
522 2002 873 2064 κατασχόμενος
904 2001 1049 2052 Pind.
1076 2002 1221 2063 Pyth.
1250 2017 1285 2052 1.
1317 2003 1393 2064 10,
1418 2003 1548 2050 Plat.
1573 2001 1785 2050 Phaedr.
1810 2003 1905 2055 244
1928 2004 2073 2061 extr„
2104 2004 2280 2065 συσχό-

418 2084 551 2125 μενος
573 2066 779 2114 Theaet.
805 2068 896 2115 165
918 2067 962 2114 Β
998 2065 1107 2128 [ubi
1134 2066 1292 2114 Bekk.
1326 2068 1502 2113 tamen
1537 2080 1654 2114 oum
1690 2068 1721 2113 3
1744 2064 1896 2116 Oodd.
1937 2066 2278 2129 συνεχόμενος],

419 2134 683 2192 κατέσχετο
714 2131 835 2180 Eur.
865 2131 1023 2191 Hipp.
1046 2132 1109 2181 27
1132 2128 1252 2191 [vid.
1284 2130 1351 2178 ad
1373 2129 1529 2178 Thuo.
1555 2144 1592 2177 1.
1627 2130 1704 2190 76,
1733 2131 1800 2191 2],
1840 2128 1932 2179 secl
1953 2130 2074 2190 quia
2105 2133 2279 2193 imper·

408 2195 598 2258 fectum
617 2197 823 2256 propter
855 2196 1017 2243 πᾶσαν
1039 2196 1128 2254 τὴν
1162 2195 1427 2254 ἀποδημίαν
1447 2195 1498 2242 et
1518 2193 1681 2254 magis
1704 2194 1956 2253 convenit,
1982 2197 2032 2242 et
2053 2194 2278 2256 plurium

419 2306 521 2355 fide
543 2307 695 2357 Codd.
719 2307 916 2356 nititur.
1049 2272 1287 2367 έῖοροίκατε
1307 2307 1365 2356 F.
1430 2309 1460 2335 “
1481 2306 1580 2367 Qui
1604 2306 1675 2380 qio
1697 2308 1900 2354 tantum
1922 2322 2027 2355 non
2050 2307 2278 2369 ubique’'

419 2371 493 2419 ait
512 2372 669 2420 Bekk.
736 2373 963 2432 ἑοράκατε
994 2372 1053 2420 Y.
1084 2373 1139 2432 Q.
1173 2372 1331 2419 Dmn.
1356 2371 1525 2418 Vonu.
1579 2369 1693 2418 Vni.
1733 2373 1761 2431 ἓ
1796 2372 1843 2429 1,
1878 2374 1906 2432 g
1941 2372 2274 2421 119.——2n:m

422 2438 555 2496 (post
573 2438 796 2498 ὁρώντων)
819 2450 918 2485 om.
957 2436 1006 2485 S.
1034 2436 1093 2484 Y.
1117 2449 1282 2483 errore
1304 2434 1458 2482 facili.

515 2501 673 2559 5196.
742 2499 1035 2557 πεποιηκότα
1058 2502 1137 2548 δη.
1209 2499 1507 2558 πεποιηκότα
1537 2495 1742 2556 ἐμαυτόν
1773 2516 1853 2561 γρ.
1887 2498 1938 2547 S.
1959 2499 2015 2559 Q.
2041 2540 2045 2547 .
2088 2504 2120 2529 “
2142 2499 2274 2549 Sunt

415 2562 865 2625 interpretamenta
886 2563 1026 2611 illius
1045 2562 1355 2611 idiomati8.''

415 2736 536 2771 nese
576 2720 787 2769 himself
824 2722 878 2768 to
920 2719 1010 2768 the
1040 2721 1210 2780 report
1244 2720 1297 2767 of

413 2786 672 2847 DercyluS,
738 2783 991 2845 eonveyed
1074 2783 1293 2844 through

416 2849 632 2898 another
657 2850 819 2909 party,
845 2862 876 2896 a
899 2848 1059 2896 slave:
1094 2847 1293 2895 neither

415 2913 534 2962 does
563 2913 606 2960 it
628 2926 814 2973 appear
841 2911 955 2959 that
988 2926 1087 2972 any
1119 2912 1172 2958 of
1207 2911 1292 2958 his

414 2977 691 3038 colleagues
735 2990 818 3023 are
856 2974 1008 3035 ready
1045 2978 1293 3038 μαρτυρεῖν

417 3042 527 3104 (but
543 3040 716 3089 rather
729 3042 1006 3100 ἐξομνύναι),
1017 3038 1210 3100 though
1223 3038 1289 3087 he

411 3105 586 3161 makes
622 3118 654 3152 a
689 3103 901 3153 flourish
937 3104 990 3150 of
1027 3102 1142 3150 that
1184 3106 1283 3152 too,

415 3169 507 3218 See
542 3173 567 3229 3
605 3170 712 3217 193.
844 3167 997 3228 καλῶ]
1029 3166 1076 3214 is
1095 3169 1285 3230 future,

410 3235 502 3280 not
510 3238 731 3294 present:
756 3246 811 3280 as
835 3231 1095 3292 ἀναγκάσω
1109 3229 1284 3279 shows.

413 3296 632 3345 Observe
654 3297 1003 3355 ἐξόμνυσθαι
1023 3295 1115 3342 but
1139 3296 1289 3353 ἐξομ-

412 3364 638 3408 νύωσιν.
729 3360 821 3407 See
864 3374 932 3407 on
973 3362 999 3420 θ
1037 3359 1145 3414 133,
1187 3357 1290 3407 and

411 3438 570 3485 comp.
608 3437 644 3470 1.
682 3422 852 3484 Steph.
884 3437 934 3483 p.
981 3422 1104 3471 1119
1136 3425 1161 3481 5
1204 3424 1280 3471 58.

412 3489 698 3549 [ἐξομεῖσθαι
719 3491 744 3547 ὅ
760 3488 819 3535 61
836 3500 1015 3546 proves
1032 3485 1286 3547 nothing]

409 3552 593 3599 Eubul.
619 3565 666 3611 p.
698 3552 820 3602 1317
842 3553 868 3610 ἓ
894 3551 970 3600 59.
1044 3549 1136 3600 See
1158 3549 1284 3598 Poll.

411 3628 520 3671 vm.
540 3616 616 3675 55,
646 3615 723 3662 56.

1424 2562 1636 2612 Scmr.
1702 2562 1821 2611 Mox
1861 2562 1973 2624 (pro
2006 2560 2156 2627 οὐδὲν)
2191 2582 2275 2624 μη-

1457 2723 1484 2782 5
1517 2720 1626 2770 195.
1694 2721 1909 2781 τιμῆσαι]
1956 2720 2072 2769 “To
2104 2723 2275 2770 confer

1394 2785 1660 2842 rewards‚'’
1700 2782 1740 2847 )(
1781 2787 1998 2844 κολάσαι,
2055 2787 2157 2833 “to
2193 2786 2270 2834 in-

1392 2848 1500 2896 fiiet
1536 2847 1919 2909 punishment.'’
1983 2848 2049 2897 So
2092 2850 2118 2908 §
2160 2851 2270 2899 300.

1392 2912 1547 2959 Arist.
1582 2926 1662 2960 111.
1702 2910 1871 2961 Ethio.
1907 2911 2018 2960 Nio.
2059 2915 2202 2971 7=5,
2243 2916 2271 2964 7

1391 2977 1641 3039 κολάζουσι
1682 2977 1760 3023 καὶ
1811 2979 2115 3037 τιμωροῦνται
2167 2981 2272 3027 τοὺς

1392 3042 1591 3102 δρῶντας
1649 3042 1886 3100 μοχθηρά,
1946 3043 2053 3090 τοὺς
2104 3042 2158 3090 δὲ
2210 3045 2271 3090 τὸ,

1391 3107 1516 3152 καλὰ
1560 3106 1852 3165 πράττοντας
1896 3106 2109 3162 τιμῶσιν.
2178 3106 2266 3166 ΟΡ.

1389 3181 1467 3217 111.
1506 3167 1621 3215 init.
1655 3169 1769 3229 πρός
1803 3185 1859 3216 τε
1892 3170 1978 3221 τὰς
2018 3170 2159 3227 τιμὰς
2192 3172 2268 3218 καὶ

1389 3235 1473 3280 τὰς
1495 3234 1726 3281 κολάσεις.

1452 3299 1479 3356 ς
1518 3296 1627 3343 196.
1695 3293 1778 3343 ἀπ’
1832 3295 2000 3357 ἀρχῆς]
2058 3295 2266 3357 belongs

1388 3360 1443 3406 to
1484 3361 1878 3420 συλλογίσασθαι,
1918 3357 2022 3408 ancl
2063 3359 2153 3408 the
2186 3375 2265 3409 ex-

1387 3422 1613 3483 pression
1636 3423 1683 3470 is
1704 3422 1993 3483 equivalent
2023 3424 2078 3470 to
2109 3426 2174 3473 τὸ
2211 3427 2266 3473 ἐν

1388 3489 1689 3547 κεφαλαίῳ
1752 3489 1932 3536 ἕκαστα
2003 3488 2265 3547 ὑπομνῆσαι

1385 3552 1465 3598 ἐπὶ
1489 3552 1711 3610 τελευτῆς
1736 3552 1842 3599 τοὺς
1881 3549 2126 3601 ἀκούοντας
2158 3553 2265 3613 περὶ

1387 3617 1480 3662 τῶν
1538 3617 1795 3677 εἰρημένων,
1855 3612 1945 3663 the
2001 3614 2261 3664 definition
