2667 4142
468 204 553 276 74
1084 208 1729 276 DEMOSTHENIS

464 363 579 443 τὴν
607 364 845 458 ἔχθραν
872 365 986 448 τὴν
1013 363 1171 451 πρὸς
1202 363 1530 443 Θηβαίους
1556 364 1758 446 μείζω,
1792 364 2107 450 Φιλίππῳ
2137 363 2203 429 δὲ
2232 364 2349 444 τὴν

463 466 658 553 χάριν
703 455 1058 548 πεποίηκεν.
1154 469 1290 535 πῶς
1343 463 1422 530 ἂν
1478 463 1587 531 οὖν
1648 465 2181 553 ὑβριστικώτερον
2238 468 2347 532 ἄν·

467 568 719 652 θρωπος
747 567 894 649 ὑμῖν
923 566 1279 656 ἐχρήσατο;“

590 671 757 753 Λένγε
785 670 860 750 δὴ
892 671 965 736 τὸ
1002 669 1322 756 ψήφισμα.
1349 670 1574 748 λαβὼν
1603 670 1675 735 τὸ
1703 673 1816 736 τοῦ
1844 669 2208 757 Διοφάντου
2236 671 2343 735 καὶ
2372 700 2443 758 97

462 769 536 835 τὸ
563 775 676 836 τοῦ
707 773 1206 851 Καλλισθένους,
1240 769 1314 836 ἵν’
1345 770 1550 852 εἰδῆτε
1583 769 1698 845 ὅτι,
1741 768 1846 837 ὅτε
1878 772 1994 853 μὲν
2030 771 2111 837 τὰ
2149 772 2345 838 δέοντ’

462 874 745 952 ἐποιεῖτε,
792 875 1025 941 θυσιῶν
1068 874 1173 939 καὶ
1217 871 1490 942 ἐπαίνων
1529 873 1825 957 ἠξιοῦσθε
1858 873 2009 960 παρ’
2049 875 2194 956 ὑμῖν
2236 877 2344 942 αὖ·

462 981 592 1048 τοῖς
620 977 727 1042 καὶ
754 976 933 1063 παρὰ
961 982 1089 1046 τοῖς
1119 976 1363 1055 ἄλλοις,
1398 976 1611 1055 ἐπειδὴ
1641 975 1693 1041 δ’
1723 975 1847 1041 ὑπὸ
1885 976 2120 1043 τούτων
2148 1005 2342 1062 παρε-

461 1076 825 1162 κρούσθητε,
867 1079 1098 1149 παῖδας
1139 1078 1244 1143 καὶ
1291 1083 1591 1162 fyvva‘c'tcas·
1630 1080 1701 1143 ἐκ
1740 1082 1865 1143 τῶν
1908 1077 2117 1164 ὠγρῶν
2163 1107 2342 1145 κατε-

459 1177 791 1260 κομίζεσθε
838 1180 947 1247 καὶ
989 1181 1072 1246 τὰ
1109 1178 1466 1266 Ἡράκλεια
1505 1180 1672 1250 ἐντὸς
1706 1186 1951 1268 τείχους
1981 1180 2148 1247 θύειν
2178 1181 2341 1267 ἐψη-

363 674 439 731 86

459 1333 578 1381 Mox
598 1334 733 1395 vulg.
757 1334 878 1382 ante
897 1332 1184 1381 Bekkerum
1208 1333 1330 1395 ἅπερ
1356 1328 1610 1393 προῄρητο.
1680 1331 1781 1381 Sed
1801 1330 1836 1380 α’.
1857 1333 2085 1390 πεποίηκε
2105 1331 2183 1381 Al.
2215 1331 2263 1381 S.
2286 1331 2336 1380 k.

460 1398 585 1459 οἵπερ
607 1401 840 1456 πεποίηκε
861 1412 901 1446 s.
969 1398 1067 1446 Pro
1091 1398 1334 1460 ἅνθρωπος
1368 1397 1564 1446 mavult
1588 1396 1835 1459 ἅνθρωπος
1858 1395 2074 1446 Scmr.
2140 1395 2218 1444 De
2241 1396 2339 1444 hoe

457 1461 585 1510 alibi
607 1461 837 1511 dicturus
860 1475 991 1509 sum.

526 1527 657 1586 §9¹7-
726 1526 897 1574 Cobet.
923 1525 1049 1573 Nov.
1072 1524 1210 1575 Leet.
1240 1540 1288 1588 p.

458 1604 551 1650 pro
572 1592 781 1639 ἐπαίνων
800 1590 908 1638 vult
929 1592 1198 1648 ἰι-ιπιιιίνων,4
1206 1592 1385 1638 ‘aeute
1418 1591 1476 1638 ut
1512 1589 1638 1637 solet
1668 1590 1718 1636 et
1754 1588 1964 1648 pulere’'
2006 1587 2178 1650 (verba
2212 1591 2335 1636 sunt

458 1654 746 1728 Voemelii).
818 1653 963 1715 Quod
984 1653 1124 1702 addit
1146 1652 1225 1701 vir
1247 1652 1601 1701 doctissimus:
1643 1652 1828 1700 ‘nihil
1848 1650 1989 1699 aliud
2020 1651 2148 1700 haee
2183 1652 2335 1700 verba

460 1717 744 1778 significare
786 1719 1004 1778 possunt
1043 1732 1199 1778 quam
1236 1719 1487 1779 ἐπῃνεῖσθε
1528 1720 1605 1765 καὶ
1647 1719 1778 1764 αὐτοὶ
1824 1717 1903 1777 ὑφ’
1939 1716 2096 1764 αὑτων
2132 1718 2208 1765 καὶ
2242 1718 2334 1765 υπὸ

458 1784 554 1830 τῶν
578 1785 755 1839 ἄλλων,
780 1781 916 1842 quod
936 1780 1207 1829 ridiculum
1230 1783 1360 1840 est‚”
1385 1781 1433 1829 ei
1465 1780 1697 1841 equidem
1732 1793 1838 1828 non
1874 1779 2146 1829 adsentior.
2212 1779 2324 1829 Vid.

456 1845 525 1920 βᾶ
547 1849 573 1908 5
595 1848 671 1898 35.
699 1796 829 1896 Pla‘ss.
859 1860 949 1895 v11.
983 1845 1197 1907 Republ.
1236 1845 1329 1894 516
1353 1844 1391 1893 C
1414 1847 1546 1904 τιμαὶ
1582 1847 1632 1894 δὲ
1664 1848 1743 1893 καὶ
1777 1847 1959 1893 ἔπαινοι
1989 1848 2148 1896 εἴτινες
2181 1846 2333 1949 αὐτρέἶ

457 1959 588 2020 ἦσαν
614 1961 728 2011 τότε
748 1960 862 2025 παρ’
886 1959 1127 2020 ἀλλήλων.
1176 1960 1541 2017 κατεκομίζεσθε
1560 1958 1611 2009 S.
1639 1957 1699 2007 Y.
1727 1973 1767 2007 s.
1792 1976 1870 2022 γρ.
1896 1958 1953 2019 Q.
2007 1963 2333 2019 κατεκομιζετε

1320 1526 1416 1573 383
1438 1526 1490 1573 et
1511 1523 1597 1573 hio
1621 1526 1671 1573 et
1695 1523 1757 1572 de
1779 1523 1958 1573 Coi-on.
1987 1538 2038 1584 p.
2069 1524 2164 1572 300
2189 1526 2215 1583 g
2241 1525 2335 1573 217

458 2083 528 2132 So
582 2084 843 2133 διακεῖσθαι
886 2083 1001 2145 πρός
1046 2100 1152 2132 τινα.
1198 2080 1345 2131 οὕτως

458 2150 562 2196 “to
584 2147 647 2196 be
669 2162 737 2198 on
760 2146 887 2195 such
925 2161 956 2195 a
987 2147 1184 2207 footing
1218 2148 1344 2195 with

455 2225 558 2272 any
598 2211 744 2269 one,''
788 2210 822 2260 i.
836 2225 878 2260 e.

456 2275 581 2324 such
604 2275 818 2336 feelings
834 2275 1051 2324 towards
1073 2274 1336 2334 another,”

452 2345 547 2388 or‘
552 2342 638 2388 ‘to
658 2340 804 2391 have.
810 2339 936 2387 sueh
947 2339 1162 2399 feelings
1179 2342 1343 2387 enter-

452 2403 632 2452 tained
655 2403 871 2452 towards
899 2404 1146 2451 oneselfss’
1213 2402 1341 2450 This

452 2483 546 2517 use
567 2468 622 2515 of
654 2468 769 2532 πρὸς
803 2469 1085 2529 (εαῑῄοοείυε
1108 2482 1165 2515 or
1186 2469 1342 2529 objec-

454 2532 573 2596 tive)
598 2531 694 2580 has
709 2533 851 2579 often
863 2531 1133 2592 perplexed
1148 2531 1334 2591 erities,

451 2611 565 2708 {ng
576 2595 785 2710 vArfggtl
810 2594 1341 2708 Gaffgtllierdwevrggd

454 2725 571 2786 ἅνθρ
573 2742 700 2773 ωπος
724 2738 781 2770 or
811 2724 966 2784 ἄνθρω
967 2741 1067 2784 τος,
1094 2737 1167 2771 we
1198 2725 1341 2771 must

450 2788 721 2836 translate:
764 2786 925 2835 “how
954 2787 1104 2835 could
1136 2789 1194 2836 he
1228 2788 1341 2851 (Ae-

453 2851 676 2913 schines)
699 2850 829 2899 have
861 2850 1055 2899 treated
1086 2865 1189 2914 you
1212 2852 1340 2901 with

452 2917 650 2977 greater
670 2914 985 2977 indignityP’

518 2979 646 3036 §97-
710 2978 767 3028 τὸ
791 2998 874 3029 τοι
894 2980 1177 3042 Διοφάντου]
1233 2979 1335 3028 UL-

449 3057 596 3093 PIAN:
632 3043 767 3095 οὗτος
787 3046 813 3093 ὀ
833 3046 1092 3105 Διόφαντος
1106 3045 1200 3092 τῶν
1221 3063 1338 3104 συμ-

449 3110 621 3169 μάχων
644 3112 998 3171 περισωθέντων
1019 3111 1097 3157 καὶ
1121 3110 1335 3157 &vexac-

451 3175 626 3223 θέντος
648 3175 701 3222 ἐκ
742 3175 828 3233 τῆς
863 3176 1066 3223 Φωκίδος
1096 3174 1339 3221 Φιλίππου

452 3240 638 3300 ἔγραψε
658 3240 991 3301 χαριστηρίους
1013 3239 1176 3286 θυσίας
1209 3239 1336 3285 θύειν

450 3304 549 3351 τοῖς
588 3304 724 3351 θεοῖς.
788 3300 1036 3350 Whether
1070 3301 1177 3349 this
1213 3300 1336 3349 Dio-

447 3366 675 3426 phantus
710 3364 758 3413 is
789 3365 879 3413 the
917 3379 1058 3414 same
1082 3363 1206 3412 with
1241 3364 1330 3413 the

445 3443 632 3492 person
663 3432 741 3491 (or
772 3429 1001 3492 persons)
1038 3428 1336 3477 mentioned

444 3508 496 3555 p.
536 3494 631 3542 403
658 3497 685 3554 ς
709 3495 819 3555 220,
854 3508 903 3555 p.
948 3493 1044 3542 436
1078 3495 1103 3556 g
1138 3494 1247 3553 339,
1283 3492 1331 3541 is

445 3559 538 3606 not
561 3557 886 3607 aseertained.
938 3556 1047 3605 The
1066 3556 1330 3617 psephism

444 3622 500 3670 of
543 3621 880 3670 Callisthenes
922 3635 1024 3669 was
1078 3620 1213 3668 cited
1265 3620 1333 3681 by

444 3686 815 3735 Demosthenes
857 3685 920 3733 de
968 3684 1146 3733 Coton.
1203 3684 1335 3733 after

932 2217 964 2240 44
979 2213 1033 2259 to
1086 2209 1342 2259 entertain
1388 2233 1392 2237 Δ

1437 2084 1465 2141 5
1491 2083 1571 2132 37.
1640 2080 1774 2130 That
1811 2080 1977 2129 which
2007 2079 2054 2129 is
2089 2080 2251 2129 found
2274 2080 2331 2129 in

1437 2145 1528 2193 the
1560 2148 1737 2194 extant
1780 2145 1930 2195 MSS.
1974 2145 2020 2194 is
2062 2145 2117 2193 of
2155 2159 2331 2194 course

1438 2210 1688 2271 spurious.

1503 2276 1629 2335 §97.
1697 2276 1760 2323 τὰ
1787 2274 2078 2335 Ἡράκλεια]
2131 2273 2329 2333 Harpo-

1438 2338 1662 2387 cration=
1723 2340 2002 2399 Ἡράκλεια·
2027 2340 2332 2398 Δημοσθένης

1437 2405 1489 2451 ἐν
1540 2404 1614 2463 τῷ
1650 2406 1755 2451 κατ’
1813 2405 2054 2463 Αἰσχίνου.
2132 2405 2330 2450 πολλῶν

1439 2469 1588 2515 ὄντων
1640 2469 1736 2515 τῶν
1785 2469 1909 2515 κατὰ
1962 2469 2051 2525 τὴν
2102 2465 2329 2525 Ἀττικὴν

1433 2531 1749 2592 Ηρακλείων,
1778 2534 1856 2578 νῦν
1878 2530 1938 2578 ἅν
1971 2532 1998 2579 ὁ
2029 2533 2331 2589 Δημοσθένης

1435 2598 1710 2655 μνημονεύω
1731 2596 1836 2655 ἦτοι
1859 2597 1953 2643 τῶν
1979 2597 2026 2642 ἐν
2049 2595 2322 2658 Μαραθῶνι,

1437 2660 1470 2719 ἦ
1517 2663 1613 2707 τῶν
1668 2662 1718 2708 ἐν
1771 2660 2083 2721 Κυνοσάργει·
2177 2658 2328 2708 ταῦτα

1441 2724 1714 2787 (festival-2,
1737 2726 1830 2770 not
1854 2724 2072 2785 temples)
2106 2725 2203 2786 γὰρ
2234 2726 2321 2780 μά-

1437 2791 1584 2836 λιστα
1621 2790 1697 2836 διὰ
1729 2790 1869 2847 τιμῆς
1905 2790 2034 2848 εἶχον
2068 2789 2325 2846 Ἀθηναῖοι.

1436 2851 1728 2900 Herodotus
1781 2866 1851 2899 vl.
1905 2851 1997 2900 116
2052 2852 2232 2912 speaks
2275 2851 2328 2899 of

1436 2917 1652 2977 temples
1706 2915 1759 2964 of
1801 2915 2047 2964 Hercules
2086 2914 2143 2963 in
2199 2915 2325 2970 both

1434 2981 1621 3041 places.
1717 2979 1946 3028 Another
2015 2979 2221 3028 festival
2240 2979 2251 2998 ”
2274 2980 2327 3027 of

1435 3044 1681 3092 Hercules
1714 3047 1765 3093 ἐν
1800 3046 2029 3103 Διομείοις
2064 3044 2153 3105 (an
2187 3044 2324 3092 Attio

1435 3107 1598 3172 deme)
1614 3108 1660 3155 is
1673 3107 1970 3156 mentioned
1985 3108 2053 3169 by
2059 3108 2316 3170 Aristoph.

1433 3170 1564 3219 Ran.
1581 3172 1692 3229 651,
1706 3172 2036 3231 Hegesander
2045 3185 2125 3233 ap.
2136 3171 2320 3220 Athen.

1432 3249 1503 3283 vr.
1529 3234 1624 3283 260
1641 3236 1700 3292 A,
1719 3235 1763 3283 B
1779 3235 1909 3294 (who
1926 3236 2043 3284 tells
2065 3250 2128 3284 us
2149 3236 2321 3297 Philip

1429 3298 1533 3348 had
1553 3314 1766 3362 persons
1787 3299 1845 3347 in
1875 3298 1959 3348 his
1990 3313 2090 3361 pay
2111 3304 2165 3348 to
2200 3299 2324 3348 send

1429 3362 1542 3411 him
1573 3378 1603 3411 a
1624 3364 1834 3424 register
1856 3364 1908 3411 of
1937 3364 2007 3412 all
2037 3363 2322 3412 wittieisms

1431 3426 1631 3476 uttered
1674 3430 1727 3476 at
1769 3427 1877 3476 this
1921 3426 2140 3478 festival.
2228 3427 2321 3476 See

1432 3493 1542 3540 also
1580 3491 1828 3552 Athenae,
1867 3505 1970 3542 xrv,
2008 3492 2103 3540 614
2136 3492 2198 3552 D,
2234 3492 2314 3551 Ε).

1429 3556 1674 3617 Harpoor.
1697 3559 1747 3605 ἐν
1766 3559 1995 3615 Διομείοις
2019 3557 2319 3619 Ἡράκλειον.

1431 3620 1497 3668 In
1539 3621 1646 3668 fact
1687 3619 1832 3668 there
1874 3633 1975 3668 was
2020 3633 2051 3668 a
2095 3621 2321 3681 separate

1433 3684 1638 3733 festival
1679 3685 1733 3733 oi
1786 3684 2033 3733 Hercules
2086 3682 2145 3733 in
2197 3682 2321 3733 each
