2667 4142
225 1004 350 1062 303

681 220 687 231 “
789 217 909 279 DE
967 216 1250 280 FALSA
1306 216 1831 280 LEGATIONE.
2121 221 2243 283 219

376 365 736 449 ἡγουμένων
787 366 1023 444 ἔλαβεν
1068 364 1277 436 αὐτοῖς
1323 362 1544 437 ὅπλοις
1592 366 1625 430 ὁ
1673 368 2020 447 Φίλιππος,
2062 369 2248 440 ὅσους

379 465 574 536 οὐδεὶς
604 466 862 532 πώποτε
892 467 1091 538 ἄλλος
1134 467 1498 552 ἀνθρώπων.
1587 469 1694 534 καὶ
1739 469 1881 535 οὔτε
1921 469 2028 534 τὸν
2067 471 2251 551 ἥλιον

377 567 730 656 ᾐσχύνοντο
760 567 822 633 οἱ
861 575 1061 634 ταῦτα
1106 574 1429 639 ποιοῦντες
1474 570 1616 635 οὔτε
1660 571 1775 652 τὴν
1815 575 1934 653 *γῆν
1972 572 2250 657 πατρίδα

379 668 593 748 οὖσαν,
626 669 722 754 ἐφ’
752 669 1153 751 ἦςέστασαν,
1183 671 1324 736 οὔτε
1366 670 1499 757 ἱερὰ
1532 672 1673 737 οὔτε
1702 674 1940 758 τάφους
1967 673 2110 740 οὔτε
2137 674 2251 755 τὴν

378 771 540 853 μετὰ
579 777 781 837 ταῦτα
821 772 1244 854 (γενησομένην
1282 773 1595 861 αἰσχύνην
1641 774 1747 839 ἐπὶ
1786 780 1915 845 τοῖς
1949 775 2249 844 τοιούτοις

379 874 598 957 ἔργοις·
642 871 835 943 οὕτως
883 874 1188 959 ἔκφρονας
1219 873 1266 939 ὦ
1295 875 1509 961 ἄνδρες
1539 875 1865 957 Ἀθηναῖοι
1901 878 2006 940 καὶ
2048 904 2250 961 παρα-

379 981 633 1056 πλῆγας
662 974 735 1040 τὸ
764 975 1127 1061 δωροδοκεῖν
1156 981 1339 1041 ποιεῖ.
1384 978 1542 1059 ὑμᾶς
1571 976 1693 1052 οὖν,
1715 976 1875 1059 ὑμᾶς
1905 977 1970 1042 εὖ
2001 982 2253 1063 φρονεῖν

305 1104 309 1111 ’
381 1078 474 1143 δεῖ
497 1076 637 1148 τοὺς
666 1078 966 1154 πολλούς,
999 1075 1103 1139 καὶ
1145 1076 1232 1156 μὴ
1263 1076 1627 1161 ἐπιτρέπειν
1655 1078 1737 1142 τὰ
1766 1083 2046 1156 τοιαῦτα,
2078 1077 2254 1142 ἀλλὰ
2282 1101 2289 1107 ·

225 1928 352 1984 304

378 1180 663 1260 κολάζειν
708 1179 994 1264 δημοσίᾳ.
1086 1179 1192 1243 καὶ
1240 1177 1363 1264 «γὰρ
1410 1176 1488 1243 ἂν
1507 1170 1516 1181 ’
1534 1178 1641 1243 καὶ
1684 1177 1994 1263 ὑπερφυὲς
2040 1179 2150 1258 εἴη,
2196 1178 2254 1243 εἰ

379 1285 543 1350 κατὰ
580 1284 695 1367 μὲν
723 1287 848 1348 τῶν
883 1282 1259 1352 Ὀλυνθίους
1287 1281 1646 1367 προδόντων
1674 1280 1893 1345 πολλὰ
1938 1281 2044 1346 καὶ
2081 1281 2252 1346 δεινὰ

379 1384 811 1472 ἐψηφίσασθε,
845 1384 984 1455 τοὺς
1030 1384 1098 1449 δὲ
1146 1383 1297 1471 παρ’
1328 1384 1472 1466 ὑμῖν
1513 1384 1721 1454 αὐτοῖς
1760 1383 2124 1456 ἀδικοῦντας
2163 1387 2253 1469 μὴ

381 1487 744 1567 κολάζοντες
774 1486 1118 1568 φαίνοισθε.
1205 1486 1373 1569 Λέγε
1407 1484 1480 1550 τὸ
1504 1485 1822 1572 ψήφισμά
1863 1513 1972 1568 μοι
2002 1486 2075 1552 τὸ
2105 1488 2252 1574 περὶ

379 1591 504 1652 τῶν
531 1587 900 1654 Ὀλυνθίων.

1059 1758 1071 1846 1
1107 1754 1559 1831 ΨΗΦΙΣΜΑ.

505 1888 698 1954 Ταῦθ’
728 1887 914 1969 ὑμεῖς,
961 1887 1010 1953 ὦ
1053 1888 1267 1974 ἄνδρες
1314 1889 1622 1968 δικασταί,
1657 1889 1852 1976 ὀρθῶς
1896 1892 2001 1958 καὶ
2040 1898 2249 1966 καλῶς

378 1992 580 2056 πᾶσιν
591 1988 621 2016 ‘'
627 1993 887 2069 Ελλησι
916 1992 1023 2056 καὶ
1057 1992 1416 2078 βαρβάροις
1447 1993 1683 2060 δοκεῖτε
1713 1996 2078 2080 ἐψηφίσθαι
2111 1995 2248 2062 κατ’

2272 1753 2399 1861 ’427

2278 1904 2389 1961 268

381 2162 483 2213 οὐδ’
509 2165 638 2225 εἶχεν
662 2165 908 2212 ὑπακούων
934 2165 1029 2214 τοῖς
1052 2182 1132 2226 πρ.
1156 2167 1182 2213 ὅ
1211 2183 1258 2213 τι
1282 2167 1468 2228 πρῶτον
1488 2167 1620 2228 λάβῃ
1651 2165 1786 2226 quod
1806 2165 1921 2215 vide
1954 2182 2019 2216 ne
2057 2183 2089 2217 8
2126 2183 2244 2218 vero
2345 2167 2349 2171 ’

376 2228 666 2289 proximum
688 2228 772 2276 sit.
840 2227 939 2288 Qui
972 2229 1164 2289 ὑπεῖχεν
1200 2229 1399 2290 primus
1438 2230 1655 2290 scripsit,
1681 2233 1973 2279 erraverunt
2008 2232 2143 2281 oculi
2179 2233 2245 2282 ad

376 2306 453 2352 pr.
481 2292 591 2354 syll.
616 2291 846 2339 vocabuli
875 2293 1147 2354 sequentis.
1212 2293 1289 2341 De
1323 2295 1568 2354 conjunct.
1603 2297 1718 2354 post
1757 2293 1852 2342 οὐδ’
1888 2298 2015 2355 εἶχεν
2042 2295 2143 2346 vid.
2180 2297 2246 2345 ad

377 2360 404 2416 ἓ
429 2357 534 2405 131.
581 2356 701 2404 Mox
722 2356 1056 2418 ἡγουμένωνΒ.
1085 2356 1141 2406 Y.
1172 2356 1413 2418 ἡγεμόνων
1424 2358 1587 2417 vulgo.
1596 2361 1820 2407 --τοῖς
1846 2359 1984 2418 (ante
2000 2360 2244 2435 τοιούτοις)

377 2433 477 2468 0111.
506 2420 674 2468 ΒΕΚΚ.
699 2421 770 2482 [et
804 2421 894 2482 st.]
927 2420 1414 2470 En.Tun1c.D1m>.
1440 2420 1609 2470 Vomt.
1651 2421 1750 2470 Sed
1770 2421 1960 2470 habent
1978 2423 2248 2474 articulum

374 2483 437 2532 F.
463 2483 521 2544 Q.
548 2483 606 2531 Ο.
630 2484 680 2531 k.
703 2499 745 2531 r.
771 2498 810 2532 s.
835 2486 872 2532 t.
898 2499 948 2534 u.
972 2499 1016 2534 v.
1047 2487 1097 2532 et
1120 2485 1299 2545 opinor
1321 2499 1497 2533 omnes
1519 2485 1845 2534 Lambiniani
1879 2488 1931 2534 et
1961 2487 2242 2550 Reiskiam',

379 2549 432 2596 et
453 2547 600 2596 facile
630 2565 739 2597 τοισ
759 2547 941 2596 excidit
965 2550 1083 2596 ante
1105 2567 1220 2598 τοιο.

473 2613 632 2672 5303.
702 2615 996 2674 ψηφίσαισθε
1029 2612 1229 2661 MAmn..
1267 2626 1421 2661 sensu
1450 2611 1630 2662 invito.
1685 2613 1801 2662 vid.
1824 2615 1932 2664 not.
1987 2615 2133 2665 Infra
2152 2631 2247 2678 pro

376 2677 705 2736 ΨΗΦΙΣΜΑ,
737 2679 1024 2738 ψηφίσματα
1049 2675 1099 2724 S.

469 2740 628 2800 5304.
691 2740 902 2800 Ἕλλησί
930 2759 986 2788 τε
1015 2740 1073 2788 F.
1108 2739 1167 2790 Y.
1205 2741 1328 2790 Ο.1·.
1361 2742 1397 2791 t.
1431 2756 1479 2791 u.
1519 2755 1565 2790 v.
1601 2743 1737 2803 vulg.
1776 2743 1895 2791 ante
1928 2742 2245 2793 Binan——

375 2905 481 2954 this
502 2905 637 2965 gloss
657 2905 813 2953 refers
834 2907 889 2954 to
904 2919 1141 2966 passages
1159 2905 1262 2954 like
1361 2908 1416 2955 to
1471 2907 1723 2967 overlook‚
1773 2910 1866 2956 not
1919 2910 1974 2957 to
2025 2912 2121 2970 put
2175 2924 2247 2970 up

374 2970 463 3018 the
482 2983 578 3016 one
600 2969 785 3029 quoted
805 2970 936 3016 from
953 2970 1116 3019 Plato.
1167 2970 1260 3017 Be·
1362 2971 1534 3018 with.''
1613 2972 1704 3033 Cp.
1761 2973 1985 3034 Thucyd.
2040 2988 2109 3022 VI.
2164 2977 2244 3032 40,

376 3033 511 3081 sides
554 3031 691 3080 what
735 3047 766 3080 8
808 3034 976 3095 paltry
1021 3033 1261 3094 meaning
1361 3034 1526 3083 where
1572 3034 1661 3083 the
1697 3036 1834 3084 word
1884 3037 1931 3084 is
1982 3037 2108 3085 used
2140 3039 2249 3088 still

372 3097 480 3144 this
499 3096 769 3157 rendering
789 3098 940 3156 giveS.
1012 3097 1041 3144 I
1072 3096 1137 3144 do
1168 3100 1260 3146 not
1362 3113 1503 3147 more
1533 3101 1821 3163 absolutely,
1848 3101 1909 3150 ὡς
1939 3103 2055 3164 πρὸς
2086 3105 2245 3151 cleteo-

371 3160 688 3209 understand
739 3160 873 3208 what
935 3160 1024 3209 the
1074 3162 1262 3209 Zurich
1359 3165 1521 3222 μένους
1551 3165 1716 3222 καὶμὴ
1738 3166 2088 3228 ἐπιτρέψοντας.
2130 3166 2246 3228 [See

374 3225 559 3273 editors
579 3238 732 3272 mean
747 3225 814 3286 by
834 3223 967 3272 their
978 3225 1259 3274 references
1360 3241 1429 3275 on
1464 3227 1622 3275 Thuc.
1662 3242 1699 3275 1.
1738 3229 1817 3285 71,
1849 3229 1918 3289 1.]
2048 3233 2089 3279 εἰ
2121 3234 2248 3280 κατὰ

372 3293 428 3336 to
460 3291 485 3348 ἓ
517 3289 578 3336 51
615 3288 730 3352 (57),
772 3287 874 3335 and
910 3292 935 3348 ἕ
972 3290 1066 3336 215
1106 3288 1252 3351 (237).
1359 3293 1446 3350 μέν
1468 3290 1639 3354 κ.τ.λ.]
1673 3292 1773 3339 “If
1802 3291 1948 3341 when
1975 3307 2078 3354 you
2098 3295 2247 3343 voted

373 3353 440 3400 In
473 3355 501 3412 ς
546 3354 607 3402 57
637 3352 759 3413 they
803 3352 1109 3400 themselves
1139 3353 1261 3401 read
1359 3354 1792 3417 manyvindictive
1815 3357 2119 3405 resolutione
2125 3395 2241 3408 ......

374 3418 640 3478 ἐπέχοντες.
705 3416 771 3463 111
796 3418 821 3475 ἕ
848 3418 939 3466 237
977 3418 1136 3465 πάντα
1168 3420 1261 3466 τάκ
1358 3422 1443 3480 yet
1463 3432 1564 3480 you
1593 3418 1777 3467 should
1814 3420 1876 3468 be
1911 3420 2071 3468 found
2076 3459 2191 3472 ......
2215 3425 2244 3448 ”

371 3483 467 3528 τῶν
522 3482 672 3540 νόμων
730 3481 924 3540 ὑπέχειν
951 3478 1047 3527 has
1091 3481 1258 3542 surely
1361 3481 1469 3530 The
1501 3482 1695 3542 change
1730 3484 1783 3531 of
1812 3484 1965 3532 mood
1996 3484 2044 3532 is
2077 3499 2246 3534 neces-

373 3543 592 3605 nothing
620 3542 679 3591 in
710 3557 948 3592 common
987 3543 1112 3592 with
1148 3544 1256 3593 this
1360 3558 1476 3606 sary
1510 3545 1568 3594 in
1598 3546 1779 3606 Greek,
1810 3547 1958 3596 while
1995 3562 2090 3597 our
2132 3563 2244 3598 own

371 3622 596 3670 passage.
1358 3609 1604 3682 lunguage
1625 3610 1948 3733 frequently
1932 3625 1979 3660 1s
2011 3612 2114 3661 less
2132 3627 2242 3674 pre-

436 3675 463 3734 δ
486 3674 598 3722 303.
662 3674 732 3734 μὴ
755 3671 1041 3736 ἐπιτρέπειν]
1107 3672 1259 3722 “Not
1359 3671 1479 3722 cise.
1542 3673 1954 3749 Dubium
1713 3672 2153 3753 mPorson
2175 3690 2246 3725 on

1489 3758 1674 3823 ·=‘''›f
1723 3770 1860 3803 Ν*
1881 3746 2082 3835 mis
2113 3796 2166 3827 f·-

1653 3928 1660 3935 ¹
1737 3928 1746 3939 ⁸
1797 3934 1802 3943 ι
1927 3932 1958 3959 Γ
2047 3940 2056 3947 -
2219 3916 2250 3945 «Ι

1759 3956 1786 3967 (Ἰ
1935 3964 1942 3971 ι
1991 3946 2000 3953 v
2049 3974 2052 3975 γ
2089 3940 2105 3977 ἲ
2137 3956 2150 3965 Α
2195 3956 2238 3979 Vh

1737 4000 1744 4007 ι
1777 3984 1802 4007 “ι
1847 3984 1854 3997 ί
1927 3976 1968 4009 ἱ)
2003 3990 2008 3995 ·
2073 3980 2080 3989 “
2230 3986 2256 4005 ,ὖ

1663 3996 1674 4019 ἲ
1833 4014 1858 4021 -·
1885 4014 1892 4020 ·
1985 4004 1996 4011 ''
2059 4018 2090 4025 ..
2143 4016 2154 4025 ι
2229 4010 2236 4023 1

1999 4078 2096 4103 ,ὲ
