2667 4142
780 228 902 292 DE
959 226 1243 293 FALSA
1299 227 1822 293 LEGATIONE.
2154 226 2238 295 37

373 381 645 472 ᾠχόμην,
694 382 954 448 teat-mh
998 381 1567 468 μαρτυρηθήσεται·
1628 378 1724 444 διὸ
1773 377 1878 442 καὶ
1923 376 2038 457 τὴν
2089 376 2239 458 ἐμὴν

373 485 743 569 φιλοτιμίαν
784 483 960 553 οὗτος
1004 482 1453 570 ἀφαιρούμενος
1496 479 1661 547 τοῦτ’
1710 480 1959 545 ἔπεισεν
2009 478 2239 541 ἐκεῖνον

276 601 343 659 45
374 584 715 671 ἐγγράψαι.
793 582 825 647 ὃ
863 584 1070 650 τοίνυν
1107 581 1409 665 μέγιστον
1439 580 1756 647 ἁπάντων·
1800 578 1833 642 ὁ
1859 578 1982 664 «γὰρ
2011 576 2097 646 εἰς
2125 575 2238 656 τὴν

371 687 685 773 προτέραν
721 692 982 773 «γραψας
1027 683 1389 764 ἐπιστολήν,
1419 681 1494 761 ἣν
1528 681 1875 763 ἠνέγκαμεν
1911 679 2102 759 ἡμεῖς,
2140 675 2237 742 ὅτι

374 794 412 822 “
433 788 707 875 ἔγραφον
741 787 792 851 δ’
824 787 903 852 ἂν
935 787 1042 852 καὶ
1079 785 1413 873 διαῤῥήδην
1451 782 1638 864 ἡλίκα
1681 781 1839 864 ὑμᾶς
1869 780 1935 845 εὖ
1964 780 2232 860 ποιήσω,

370 892 429 957 εἰ
455 892 521 956 εὖ
556 892 725 976 ᾔδειν
766 892 872 956 καὶ
915 890 1028 972 τὴν
1072 889 1447 976 συμμαχίαν
1487 913 1595 969 μοι
1635 882 2108 967 Ὗενησομένην,”
2138 909 2236 963 ’γε-

369 992 619 1073 νγονυίας
664 997 771 1075 τῆς
815 992 1185 1078 συμμαχίας
1223 988 1293 1055 οὔ
1333 994 1533 1073 φησιν
1572 986 1795 1053 εἰδέναι
1835 986 1902 1050 τί
1934 983 2011 1049 ἂν
2039 987 2236 1050 ποιῶν

370 1092 730 1180 χαρίσαιτο,
763 1092 887 1158 οὐδ’
928 1091 961 1156 ὃ
1000 1091 1181 1161 αὐτὸς
1217 1090 1551 1177 ὑπέσχετο·
1596 1090 1778 1152 τοῦτο
1819 1085 1941 1171 ’γὰρ
1969 1084 2102 1168 ᾔδει
2130 1083 2236 1165 δη-

370 1195 597 1272 λονότι,
631 1196 803 1282 εἴπερ
830 1193 917 1275 μὴ
947 1195 1312 1280 ἐφενάκιζεν.
1394 1190 1566 1255 ἀλλὰ
1592 1189 1716 1272 μὴν
1744 1187 1840 1254 ’ὁτι
1868 1186 2043 1253 ταῦθ’
2074 1186 2235 1252 οὕτω

368 1294 496 1360 τότ’
533 1295 543 1383 Ι
584 1297 847 1381 ἔγραψε,
879 1296 1030 1378 λένγε
1070 1321 1179 1377 μοι
1221 1293 1444 1371 λαβὼν
1487 1293 1557 1357 ἐκ
1599 1295 1708 1372 τῆς
1750 1290 2058 1378 προτέρας
2100 1290 2233 1354 ἐπι·
2266 1306 2387 1371 354

367 1400 605 1477 στολῆς
634 1395 786 1460 αὐτὸ
812 1401 1017 1474 τοῦτο,
1051 1393 1303 1460 ἐνθένδε.
1391 1392 1555 1475 λέγε.

943 1640 1060 1715 ΕΞ
1119 1637 1660 1713 ΕΠΙΣΤΟΛΗΣ.

498 1784 748 1850 Οὐκοῦν
791 1784 944 1867 πρὶν
977 1785 1093 1865 μὲν
1129 1783 1369 1870 εἰρήνης
1406 1789 1636 1871 τυχεῖν,
1670 1785 1727 1851 εἰ
1760 1785 1867 1850 καὶ
1896 1788 2234 1875 συμμαχία
2262 1819 2330 1870 41

368 1886 761 1973 προσγένοιτ’
792 1887 975 1974 αὐτῷ,
1006 1891 1289 1973 «γράψειν
1334 1886 1642 1971 (ὁμολόγει
1679 1888 1874 1967 ἡλίκα
1901 1888 2014 1971 τὴν
2043 1891 2235 1956 πόλιν

369 1987 434 2053 εὖ
461 1987 734 2069 ποιήσει·
778 1988 991 2068 ἐπειδὴ
1031 1989 1082 2053 δ’
1112 1986 1412 2076 ἀμφότερ’
1444 1989 1612 2080 αὐτῷ
1643 1990 1908 2073 γέγονεν,
1940 1991 2051 2057 οὐκ
2086 1991 2233 2058 εἶδέ-

267 1785 342 1854 46

367 2164 541 2224 ipsum
583 2162 803 2212 sensisse
835 2165 962 2224 puto
995 2162 1258 2211 hominem
1292 2162 1688 2225 haudquaquam
1720 2165 1954 2227 ineptum
1991 2168 2080 2228 qui
2109 2169 2229 2218 Cod.

371 2227 423 2276 S.
458 2229 700 2276 exaravit.
766 2228 948 2287 Itaque
985 2227 1312 2276 festinantius
1350 2227 1404 2275 h.
1439 2229 1472 2277 l.
1515 2229 1658 2276 ποιῶν
1687 2229 1904 2290 induxit,
1943 2231 2078 2279 idem
2117 2248 2234 2281 mox

368 2291 596 2404 ἱῗὺητυεῶν
538 2291 722 2404 genai?
744 2305 856 2341 sero
877 2291 1083 2339 demum
1102 2290 1413 2340 innotuisset
1432 2291 1490 2342 in
1518 2292 1746 2355 Philippi
1777 2294 2009 2354 Epistola
2047 2295 2232 2345 diserte

463 2433 592 2493 545.
659 2433 793 2490 ἡνίκα
813 2433 923 2492 (pro
945 2431 1105 2492 ἡλίκα)
1131 2430 1184 2481 S.
1209 2446 1278 2480 so.
1308 2450 1334 2480 ν
1364 2434 1415 2481 et
1444 2437 1475 2482 λ
1505 2433 1698 2483 consus,
1772 2432 1873 2482 Sed
1905 2437 1931 2493 g
1965 2434 2057 2482 163
2090 2435 2233 2493 ἡλίκα

368 2500 503 2545 reete
527 2496 579 2545 S.
637 2496 782 2543 Infra
820 2498 924 2554 ὑμῖν
956 2500 1208 2559 χαρίσαιτο
1243 2515 1324 2558 γρ.
1361 2497 1409 2546 S.
1445 2498 1504 2545 F.
1542 2496 1829 2557 Q.—-—Pro
1874 2500 1926 2546 ἐκ
1966 2501 2049 2557 τῆς
2079 2496 2233 2546 habet

369 2564 540 2620 ἐκείνης
564 2559 614 2610 S.
682 2561 733 2620 (“
750 2560 938 2607 inserto
972 2563 1090 2608 ante
1124 2563 1296 2620 ἐκείνης
1341 2574 1371 2608 a
1397 2576 1463 2611 m.
1505 2564 1685 2621 quarta
1719 2562 1758 2608 δ’
1795 2564 1897 2610 ἐκ.”
1919 2562 2074 2611 Dnm.
2104 2564 2234 2624 [“ἐκ

367 2624 452 2683 τῆς
476 2627 600 2685 (non
639 2624 679 2673 δ’
716 2627 788 2685 ἐκ)
815 2623 928 2671 add.
954 2624 1146 2685 antiq.”
1172 2625 1385 2689 Ἴσι-ΜΒ
1452 2626 1632 2686 Itaque
1668 2625 1850 2675 “Fort.
1892 2628 2063 2685 ἐκείνης
2099 2626 2231 2685 τῆς”

369 2688 464 2739 En.
493 2690 672 2738 Tumc.
743 2687 859 2736 Non
881 2687 1126 2749 displicet.

1347 2853 1596 2914 throwing
1617 2855 1729 2904 oold
1748 2858 1905 2904 water
1925 2870 1992 2904 on
2013 2856 2102 2905 the
2119 2872 2229 2918 pro-

1345 2918 1458 2979 ject.
1532 2921 1857 2981 ἀπεστέρημαι
1878 2923 1971 2968 τῶν
2000 2924 2123 2969 ίδίων
2154 2929 2230 2980 φι·

1348 2986 1584 3040 λοτιμιῶν,
1608 2983 1765 3030 below
1785 2998 1833 3044 p.
1859 2984 1955 3032 410
1988 2988 2013 3044 ἕ
2046 2986 2140 3037 247
2173 2986 2230 3034 in

1347 3061 1378 3094 a
1400 3047 1674 3094 somewhat
1697 3047 1933 3095 different
1955 3063 2117 3098 sense.

368 2854 541 2916 Gomp.
582 2854 691 2903 also
727 2860 754 2917 ς
790 2855 884 2904 186
919 2857 1250 2905 &aureus-...M—

374 2923 550 2969 σασθαι
572 2922 652 2969 καὶ
673 2922 902 2979 μηδεμίαν
923 2920 1091 2968 τούτου
1114 2922 1252 2980 χάριν

369 2987 496 3044 ἔχειν
538 2986 607 3045 τῷ
650 2986 877 3042 Φιλίππῳ
940 2982 1041 3031 and
1082 2986 1108 3043 ξ
1156 2985 1247 3034 187

371 3048 674 3109 ὡμολόγησεν
696 3050 721 3096 ὁ
742 3050 980 3097 Φίλιππος
995 3050 1101 3095 τοὺς
1115 3050 1249 3095 λοίπ-

370 3129 443 3161 ους
463 3109 1087 3161 λύσασθαι.--τάλαντον
1109 3111 1248 3171 ἔχων]

367 3175 641 3226 Aeschines
683 3173 866 3235 laughs
909 3177 963 3222 at
1005 3174 1111 3222 this
1160 3177 1248 3223 ubi

368 3254 530 3301 supra.
601 3242 837 3288 τάλαντον
858 3241 1024 3299 φέρων,
1052 3239 1148 3287 ἑνός
1171 3241 1248 3286 ἀν-

370 3306 483 3364 δρὸς,
523 3302 630 3352 οὐδέ
670 3302 839 3352 τούτου
880 3306 990 3352 λίαν
1031 3303 1243 3364 εὐπόρου,

370 3369 504 3417 lnam),
556 3368 724 3428 λύτρα,
774 3367 827 3414 of
878 3381 1054 3415 oourse
1096 3366 1246 3426 using

369 3431 638 3480 rhetorical
666 3430 1252 3491 exaggeration———rfiv

367 3496 481 3553 ἐμήν
548 3498 821 3557 φιλοτιμίαν
897 3493 1251 3556 ἀφαιρούμενος]

370 3564 399 3586 “
414 3559 805 3618 Endeavouring
850 3560 905 3606 to
959 3557 1112 3605 debat
1169 3572 1251 3605 me

367 3623 494 3672 from
516 3623 804 3684 displaying
817 3637 906 3684 my
918 3622 1087 3682 publio
1105 3621 1251 3681 spirit

367 3687 466 3737 and
471 3687 853 3745 munificenoe,’'
864 3686 960 3735 viz.
968 3686 1032 3746 by
1041 3685 1254 3746 Philip’s

1410 3111 1536 3170 545.
1608 3109 1703 3159 οὐδ’
1744 3113 1770 3159 ὃ
1810 3111 1951 3161 αὐτὸς
1995 3114 2230 3174 ὑπέσχετο

1350 3175 1515 3235 κ.τ.λ.]
1552 3178 1582 3201 “
1599 3175 1704 3223 Not
1725 3189 1851 3222 even
1873 3175 1956 3223 his
1979 3191 2089 3224 own
2118 3192 2227 3238 pro-

1348 3238 1475 3285 mise
1500 3238 1597 3302 (Le.
1628 3239 1783 3286 about
1815 3239 1903 3286 the
1935 3254 2140 3288 ransom
2173 3242 2225 3290 of

1348 3301 1436 3349 the
1475 3302 1740 3365 captives),
1775 3304 1853 3351 for
1884 3302 1950 3351 he
1983 3305 2229 3367 certainly

1348 3365 1493 3413 knew
1525 3366 1647 3423 this,
1671 3367 1713 3414 is
1746 3366 1815 3414 he
1849 3366 1937 3414 did
1968 3371 2060 3416 not
2093 3372 2228 3417 want

1348 3432 1401 3478 to
1416 3429 1612 3489 impose
1626 3444 1691 3477 on
1708 3433 1860 3491 you.”
1894 3430 2029 3492 why
2047 3432 2229 3481 Sohae-

1349 3493 1423 3540 fer
1443 3492 1627 3541 wishes
1649 3496 1701 3541 to
1724 3494 1883 3543 insert
1907 3495 1965 3543 ἂν
1980 3496 2112 3544 after
2127 3499 2228 3559 ᾔδει

1348 3556 1376 3605 Ι
1415 3556 1479 3603 do
1512 3559 1604 3604 not
1638 3557 1971 3617 understand,
2011 3559 2090 3607 for
2127 3560 2225 3609 evi·

1349 3620 1522 3681 dently
1543 3620 1715 3682 Philip
1738 3621 1825 3670 did
1846 3622 1992 3671 know
2011 3622 2068 3671 it.

1410 3684 1521 3733 354.
1587 3688 1614 3747 ς
1657 3685 1736 3735 46.
1788 3684 2025 3749 ποιήσειν]
2074 3685 2228 3736 From
