2667 4142
459 201 481 261 1
500 202 577 264 66
861 246 866 252 -
1065 188 1614 262 DEMOSTHEN
1617 194 1699 260 IS

449 348 575 436 γὰρ
631 347 820 416 αὐτὸν
872 350 1034 435 ἐρεῖν
1090 348 1171 420 ὥς
1228 347 1327 435 ἄρ’
1381 348 1504 432 ἐγὼ
1555 348 1815 414 πάντων
1864 347 1950 415 ὧν
1995 351 2325 434 κατηγορῶ

451 452 735 523 κοινωνὸς
770 451 1017 535 γέγονα,
1053 452 1159 517 καὶ
1197 452 1550 535 συνήρεσκε
1594 451 1799 519 ταῦτά
1835 478 1964 534 μοι,
2001 451 2108 517 καὶ
2149 450 2323 517 συνέ-

448 580 734 639 πραττον
788 555 974 643 αὑτῷ,
1036 554 1229 621 ἔπειτ’
1288 554 1585 640 ἐξαίφνης
1649 555 2148 637 μεταβέβλημαι
2216 556 2322 620 καὶ

450 659 793 742 κατηγορῶ.
881 656 1022 722 ἔστι
1064 654 1116 719 δ’
1155 655 1313 743 ὑπὲρ
1356 656 1474 737 μὲν
1515 657 1641 720 τῶν
1681 655 2140 742 πεπραγμένων
2184 654 2322 720 οὔτε

450 755 660 823 δικαία
716 756 858 823 οὕτε
905 756 1326 842 προσήκουσα
1376 755 1415 836 ἦ
1466 756 1724 847 τοιαύτη
1784 755 2120 838 ἀπολογία,
2171 757 2319 838 ἐμοῦ

447 861 660 938 μέντοι
706 885 803 930 τις
847 860 1209 943 κατηγορία·
1283 857 1405 941 ἐγὼ
1440 858 1556 938 μὲν
1588 858 1730 942 γάρ,
1766 858 1822 922 εἰ
1859 861 2060 924 ταῦτα
2094 861 2318 926 πεποί-

447 987 586 1050 ηκα,
636 961 877 1049 φαῦλός
921 961 1047 1042 εἰμι
1092 960 1439 1047 ἅνθρωπος,
1492 959 1574 1024 τὰ
1629 958 1697 1025 δὲ
1752 959 2101 1046 πράγματα
2144 959 2318 1025 οὐδὲν

313 1082 422 1138 203
447 1063 690 1140 βελτίω
741 1062 844 1129 διὰ
888 1067 1093 1142 τοῦτο,
1142 1061 1282 1127 οὐδὲ
1339 1064 1593 1127 πολλοῦ
1650 1059 1759 1126 δεῖ.
1865 1060 1936 1126 ού
1990 1060 2116 1145 μὴν
2168 1059 2315 1126 ἀλλ’
2340 1076 2441 1135 225

448 1160 634 1246 ἔγωγ’
681 1160 861 1243 οἶμαί
898 1188 1009 1245 μοι
1053 1162 1402 1248 προσήκειν
1449 1159 1749 1248 ἀμφότερ’
1797 1160 1943 1243 ὑμῖν
1988 1161 2314 1244 ἐπιδεῖξαι,

448 1263 555 1330 καὶ
584 1262 682 1329 ὅτι
709 1263 1028 1350 ψεύσεται
1058 1264 1233 1330 ταῦτ’
1265 1262 1374 1330 ἐὰν
1399 1262 1574 1347 λέγῃ,
1608 1264 1714 1328 καὶ
1747 1262 1860 1344 τὴν
1899 1262 2147 1328 δικαίαν
2182 1261 2318 1344 ἣτις

449 1366 625 1431 ἐστὶν
682 1365 1018 1448 ἀπολογία.
1106 1364 1147 1447 ἢ
1197 1366 1313 1448 μὲν
1363 1365 1573 1432 τοίνυν
1623 1365 1835 1431 δικαία
1879 1366 1987 1431 καὶ
2033 1365 2232 1445 ἁπλῆ,
2274 1364 2315 1445 ἢ

449 1467 531 1538 ὥς
578 1468 650 1533 οὐ
699 1469 1065 1555 πέπρακται
1111 1469 1193 1534 τὰ
1235 1461 1714 1555 κατηγορημένα
1756 1466 1968 1552 δεῖξαι,
2004 1467 2044 1550 ἢ
2086 1467 2167 1540 ὥς
2205 1496 2318 1535 πε-

447 1570 780 1654 πραγμένα
829 1573 1140 1658 συμφέρει
1189 1570 1267 1654 τῇ
1317 1572 1522 1637 πόλει.
1611 1571 1852 1637 τούτων
1897 1569 1948 1634 δ’
1998 1570 2315 1657 οὐδέτερον

310 1691 423 1743 204
449 1670 678 1737 δύναιτ’
736 1671 817 1738 ἂν
873 1670 1054 1743 οὗτος
1110 1676 1395 1751 ποιῆσαι.
1484 1671 1628 1738 οὔτε
1682 1673 1808 1759 γὰρ
1866 1671 1948 1743 ὥς
2003 1673 2312 1760 συμφέρει
2339 1677 2441 1735 226

448 1771 650 1854 δήπου
678 1773 940 1842 Φωκέας
968 1772 1374 1838 ἀπολωλέναι
1403 1773 1509 1838 καὶ
1538 1771 1763 1844 Πύλας
1786 1773 2122 1840 Φίλιππον
2143 1774 2314 1858 ἔχειν

448 1877 555 1940 καὶ
582 1873 907 1957 Θηβαίους
938 1872 1183 1962 ἰσχύειν
1209 1873 1317 1938 καὶ
1347 1876 1414 1939 ἐν
1448 1872 1698 1963 Εὐβοίᾳ
1724 1874 2119 1961 στρατιώτας
2155 1872 2315 1941 εἶναι

542 2072 569 2129 5
590 2067 701 2118 224.
771 2069 804 2127 ἡ
825 2069 1067 2130 ἀπολογία
1087 2068 1211 2129 αὕτη
1227 2085 1307 2131 γρ.
1333 2067 1386 2119 Β.
1456 2068 1581 2127 αὕτη
1601 2068 1633 2129 ἢ
1655 2071 1741 2118 ἀπ.
1765 2070 1825 2131 Q.

541 2137 569 2194 g
591 2133 702 2182 225.
771 2134 894 2180 Post
915 2134 1059 2192 οἶμαι,
1081 2151 1160 2192 μοι
1181 2146 1280 2181 om.
1308 2147 1350 2180 r.
1374 2146 1416 2182 8.
1443 2132 1525 2181 ΑῙ.
1546 2133 1628 2181 A'.
1693 2133 1862 2182 Facile
1878 2134 2061 2184 excidit
2076 2140 2193 2198 poet
2214 2157 2315 2198 μαι.

448 2198 697 2247 —Post
718 2198 958 2258 ἀπολογία
979 2195 1093 2244 add.
1115 2200 1339 2258 φεύξεται
1358 2196 1414 2246 F.
1437 2197 1495 2246 Y.
1521 2196 1580 2257 Q.
1605 2196 1663 2247 O.
1688 2199 1729 2245 t.
1752 2212 1803 2246 u.
1820 2213 1870 2246 v.
1927 2199 2089 2249 Uncis
2109 2200 2319 2251 inclusit

447 2261 629 2309 Rmsx.
697 2259 883 2309 Omisit
925 2260 1122 2321 primus
1164 2261 1332 2308 ann.
1380 2262 1647 2322 ἀπολογίαν
1688 2262 1883 2310 mavult
1926 2264 2089 2312 DoBR.
2130 2267 2320 2314 omisso

449 2327 1008 2385 φεύξεται.--δύναται
1030 2327 1179 2372 εἰπεῖν
1200 2324 1249 2373 k.
1276 2338 1318 2373 r.
1345 2338 1385 2372 Β.
1411 2327 1492 2373 6²²⁸.
1517 2324 1597 2373 ΔΙ.
1620 2325 1764 2375 Harl.
1793 2327 2039 2386 probante
2062 2328 2315 2379 TAYLolv-o.

449 2392 640 2438 δύναται
679 2386 758 2438 A2.
829 2393 864 2416 “
880 2390 1028 2437 εἰπεῖν
1062 2388 1264 2436 videtur
1300 2387 1686 2449 interpretantis
1723 2402 1849 2438 esse.
1918 2391 2078 2453 Saepe
2108 2393 2320 2454 ponitur

447 2456 611 2510 ποιεῖν,
644 2466 711 2501 ne
742 2452 1043 2500 antecedens
1074 2451 1285 2500 verbum
1316 2452 1479 2513 repeti
1514 2455 1754 2513 oporteat.
1763 2452 1792 2477 ’'
1860 2453 2076 2506 Scflmr.
2146 2456 2321 2506 Obiter

446 2530 629 2565 moneo
650 2515 784 2564 male
803 2515 1121 2564 intellectum
1143 2529 1174 2564 a
1197 2515 1374 2564 Stallb.
1401 2517 1528 2566 Plat.
1553 2516 1764 2577 Apolog.
1787 2518 1852 2565 30
1873 2519 1917 2566 A
1934 2523 2089 2569 ταῦτα
2110 2524 2321 2583 νεωτέρῳ

447 2583 650 2638 ποιήσω,
683 2579 771 2628 ubi
799 2582 951 2629 ταῦτα
981 2582 1165 2639 ποιήσω
1191 2579 1329 2628 valet
1351 2579 1386 2630 i.
1404 2594 1449 2641 q.
1472 2582 1667 2630 ὀνειδιῶ·
1699 2595 1799 2641 qua
1820 2581 1882 2630 de
1902 2581 2099 2631 ratione
2120 2586 2311 2635 consul.

448 2644 645 2694 Buttm.
671 2644 789 2692 Ina.
813 2644 937 2693 Mid.
964 2643 1022 2691 in
1044 2646 1208 2694 ποιεῖν.

543 2711 571 2768 ἓ
593 2708 702 2758 226.
773 2709 926 2767 δήπου
952 2721 1053 2755 om.
1083 2707 1135 2757 k.
1166 2721 1208 2758 Β.
1233 2707 1317 2757 ΑῙ.
1339 2706 1418 2758 A'.
1490 2707 1621 2756 “An
1656 2708 1880 2769 ἀνόνητον
1910 2710 1992 2759 vel
2031 2712 2320 2772 drawn-mv

450 2880 600 2942 being
611 2879 700 2929 the
716 2880 925 2932 κοινωνὸς
937 2880 991 2929 oi
1006 2879 1334 2938 Philocrates,
1434 2881 1703 2945 ἀπολογίαν
1718 2882 1820 2942 ἥτις
1834 2882 1980 2946 ἐστίν,
1998 2899 2056 2933 or
2071 2886 2175 2945 ἥτις
2191 2890 2320 2938 ἐστὶν

449 2959 541 3006 e.g.
565 2947 592 3005 ἓ
616 2945 679 2992 20
699 2958 751 3005 p.
772 2947 836 2993 30
860 2944 931 2994 St.
951 2946 1099 2993 =204
1115 2945 1173 2994 R.
1198 2945 1230 3003 ἡ
1248 2947 1336 3004 μὲν
1434 2946 1467 3005 ἠ
1505 2948 1665 2995 δικαία
1701 2945 1959 3009 ἀπολογία,
2002 2964 2061 2998 or
2096 2951 2128 3010 ἦ
2165 2954 2319 3002 δικαία

450 3012 601 3058 τοίνυν
621 3011 670 3069 ἐξ
691 3009 841 3071 ἀρχῆς
862 3011 1082 3058 ἔνστασις
1102 3009 1195 3056 τῶν
1213 3011 1338 3058 ὅλων
1431 3010 1537 3069 ἥτις
1574 3008 1707 3060 ἐστίν
1751 3009 2011 3074 ἀπολογία,
2049 3015 2216 3064 would
2257 3016 2319 3065 be

450 3074 747 3134 πραγμάτων
786 3074 1009 3134 ἐγίγνετο
1039 3071 1093 3121 οὐ
1126 3075 1185 3122 δι’
1224 3075 1336 3131 ἐμοῦ
1432 3087 1572 3122 more
1604 3076 1806 3123 natural
1834 3076 2099 3138 according
2125 3080 2181 3128 to
2212 3093 2318 3128 mo-

449 3137 583 3187 οἰλλιί
614 3136 693 3186 διὰ
721 3138 1045 3196 Δημοσθένους
1083 3139 1161 3185 καὶ
1194 3138 1334 3185 Φιλο·
1433 3137 1560 3186 dern
1571 3137 1724 3189 ideas.
1766 3139 1832 3188 Of
1844 3139 1933 3189 the
1948 3140 2137 3190 license
2151 3142 2318 3192 which

449 3201 659 3263 κράτους,
692 3205 719 3262 5
749 3201 811 3249 56
841 3214 895 3262 p.
919 3201 982 3249 35
1016 3198 1249 3249 St.=235
1270 3200 1334 3250 R.
1433 3200 1603 3250 Greek
1650 3201 1844 3251 writers
1897 3204 2104 3253 allowed
2152 3205 2318 3256 them-

448 3268 536 3326 τὴν
554 3267 640 3324 μὲν
666 3267 819 3313 τοίνυν
845 3266 1081 3314 κοινωνίαν
1101 3266 1195 3312 τῶν
1219 3265 1336 3328 ὑπὲρ
1431 3265 1595 3314 solves
1635 3265 1693 3314 in
1737 3266 1864 3315 such
1905 3270 2119 3317 matters
2151 3270 2180 3318 I
2215 3270 2319 3319 will

448 3330 533 3389 τῆς
555 3327 733 3389 εἰρήνης
753 3328 978 3391 πράξεων,
1007 3327 1091 3377 οὐκ
1120 3330 1235 3388 ἐμὴν
1256 3331 1335 3378 καὶ
1431 3328 1579 3390 bring
1608 3331 1708 3377 two
1737 3332 2020 3392 examples:
2052 3332 2178 3383 Eur.
2200 3334 2310 3393 Ion,

448 3392 763 3453 Φιλοκράτους
778 3391 909 3440 ἀλλὰ
924 3394 1247 3452 Δημοσθένους
1256 3396 1334 3442 καὶ
1433 3393 1557 3443 1307
1580 3396 1668 3452 τὴν
1691 3395 1781 3454 σήν
1799 3397 1920 3444 ὅπου
1940 3413 2015 3445 σοι
2030 3398 2189 3459 μητέρ’
2212 3396 2318 3447 ἐστὶ

449 3454 761 3519 Φιλοκράτους
784 3457 1020 3518 εὑρήσετε.
1029 3455 1197 3506 -οὐδὲ
1213 3460 1333 3506 πολ·
1431 3458 1657 3506 νουθέτει·
1694 3457 1798 3506 and
1837 3458 1994 3520 Soph.
2031 3460 2207 3512 Trach.
2252 3462 2314 3512 97

450 3520 537 3570 λοῦ
558 3522 640 3569 δεῖ.
714 3519 808 3571 See
830 3534 897 3567 on
920 3523 944 3580 ἓ
967 3520 1047 3568 33.
1432 3524 1617 3581 καρύξει
1647 3522 1729 3571 τόν
1765 3520 2044 3583 ’Δλκμήνας,
2083 3523 2195 3573 πόθι
2235 3543 2315 3583 μοι

512 3586 537 3644 5
557 3583 668 3632 225.
710 3585 799 3643 τὴν
822 3581 1334 3647 δικαίαν...α’πολογία]
1430 3586 1542 3633 πόθι
1564 3588 1675 3634 παῖς
1696 3587 1812 3634 ναίει
1834 3587 1955 3639 ποτ’.
2028 3587 2136 3638 The
2163 3588 2315 3638 latter

450 3646 577 3696 This
597 3646 758 3695 idiom
785 3645 833 3695 is
859 3660 997 3697 rare:
1031 3649 1120 3707 τὴν
1153 3650 1335 3697 δικαίαν
1426 3648 1474 3699 is
1496 3662 1616 3711 very
1637 3648 1836 3701 similar
1855 3652 1911 3700 to
1932 3664 2027 3701 our
2046 3665 2268 3714 passage.
2309 3706 2314 3713 ,
