2667 4142
752 223 872 289 DE
929 221 1214 286 FALSA
1272 215 1802 284 LEGATIONE.
2141 215 2225 283 73

319 376 481 457 «μηδ’
512 376 597 445 εἷς
630 378 912 454 Εὔβοιαν
939 375 1083 459 μηδ’
1107 375 1201 445 ἐἰς
1230 374 1346 457 τὴν
1373 374 1669 456 Ἀττικὴν
1704 373 2042 439 Φίλιππον
2067 373 2227 453 μηδὲ

238 494 310 554 95
341 480 701 559 Θηβαίους;
748 480 981 557 ταύτην
1018 477 1233 558 μέντοι
1273 476 1394 558 τὴν
1423 473 1552 540 α’πό
1582 479 1694 543 τοῦ
1733 475 1930 542 τόπου
1964 473 2072 538 καὶ
2101 475 2226 539 τῶν
2251 488 2328 560 84

336 581 730 668 πραγμάτων
774 580 978 646 αὐτῶν
1024 578 1391 666 ἀσφάλειαν
1442 575 1862 665 ὑπάρχουσαν
1912 578 1991 659 τῇ
2036 573 2225 641 πόλει

336 685 472 750 ταῖς
544 679 779 746 τούτων
847 679 1123 751 ἀπάταις
1175 680 1282 745 καὶ
1346 676 1803 764 ψευδολογίαις
1859 675 2224 746 πεισθέντες

332 782 688 865 προήκασθ’
736 781 920 864 ὑμεῖς,
974 782 1081 847 καὶ
1140 779 1619 868 τετειχισμένην
1677 776 1901 846 ὅπλοις
1951 780 2056 841 καὶ
2103 803 2223 842 πο-

327 882 510 968 λέμῳ
546 888 801 973 συνεχεῖ
836 884 945 949 καὶ
983 883 1219 949 πόλεσι
1252 881 1562 965 μεγάλαις
1591 880 1953 969 συμμάχων
1982 877 2224 965 ἀνδρῶν

327 987 441 1051 καὶ
469 985 651 1075 χώρᾳ,
679 989 897 1070 πολλῇ
932 984 1257 1072 περιείδετ’
1289 984 1778 1050 ἀνασταθεῖσαν.
1852 981 1960 1048 καὶ
1980 982 2223 1063 ματαία

323 1089 448 1170 ,μὲν
495 1087 534 1170 ἦ
583 1088 889 1176 πρότερον
932 1089 1202 1170 βοήθεια
1246 1088 1332 1158 εἰς
1377 1088 1602 1157 Πύλας
1645 1085 1791 1168 ιῖμΐν
1830 1085 2100 1169 γέγονεν,
2145 1083 2223 1164 ἢν

331 1191 495 1273 μετὰ
520 1191 831 1258 πλειόνων
859 1190 898 1274 ἦ
930 1190 1268 1256 διακοσίων
1311 1190 1643 1280 ταλάντων
1672 1186 2079 1269 ἐποιήσασθε,
2113 1187 2222 1252 ἐὰν

333 1294 688 1376 λογίσησθε
743 1293 855 1365 τὰς
908 1293 1065 1363 ἰδίας
1123 1293 1409 1362 δαπάνας
1462 1292 1575 1361 τὰς
1631 1294 1757 1356 τῶν
1823 1315 2218 1376 στρατευσα-

236 1410 307 1481 96
332 1397 551 1475 μένων,
583 1396 864 1476 ,μάταιαι
909 1395 976 1461 δὲ
1022 1394 1129 1461 καὶ
1179 1394 1250 1460 αἱ
1288 1392 1456 1459 κατὰ
1494 1389 1803 1474 Θηβαίων
1839 1390 2111 1461 ἐλπίδες.
2185 1388 2219 1455 ὃ
2245 1402 2316 1477 85

335 1495 418 1576 δέ,
472 1501 744 1562 πολλῶν
803 1497 997 1563 ὄντων
1053 1497 1161 1562 καὶ
1218 1496 1431 1562 δεινῶν
1489 1495 1575 1563 ὦν
1632 1493 1809 1564 οὗτος
1865 1492 2218 1579 ὑπηρέτηκε

332 1600 665 1685 Φιλίππῳ,
712 1600 1025 1679 πλείστην
1072 1599 1260 1684 ὕβριν
1304 1598 1386 1670 ὦς
1429 1597 1680 1679 άληθῶς
1724 1598 1863 1686 ἔχει
1906 1596 2072 1662 κατὰ
2108 1600 2221 1677 τῆς

330 1702 578 1770 πόλεως
621 1701 728 1767 καὶ
772 1701 1075 1767 ἁπάντων
1116 1701 1303 1783 ὑμῶν,
1351 1698 1517 1767 τοῦτ’
1568 1698 1883 1766 ἀκούσατέ
1929 1726 2070 1785 μου,
2116 1698 2215 1767 ὅτι

329 1808 459 1874 τοῖς
488 1804 802 1883 Θηβαίοις
832 1803 1170 1887 ἐγνωκότος
1200 1805 1271 1887 ἐξ
1290 1803 1494 1891 ἀρχῆς
1516 1808 1629 1870 τοῦ
1658 1805 1998 1870 Φιλίππου
2024 1802 2212 1869 πάνθ’

327 1905 371 1969 ἃ.
416 1904 729 1987 πεποίηκε
765 1906 776 1992 Ι
812 1912 1031 1987 ποιεῖν,
1085 1906 1262 1977 οὗτος
1310 1906 1709 1988 ἀπαγγείλας
1758 1904 2061 1972 τάναντία
2105 1906 2212 1971 καὶ
2241 1902 2362 1982 368

330 2006 630 2093 φανεροὺς
676 2006 988 2090 ἐπιδείξας
1039 2007 1198 2090 ὑμᾶς
1244 2006 1391 2097 οὐχὶ
1441 2005 1864 2090 βουλομένους
1909 2004 2053 2089 ὑμῖν
2095 2009 2214 2090 μὲν

325 2219 446 2275 μηδὲ
477 2219 721 2267 Φίλιππον
755 2218 890 2280 vulg.
931 2221 1052 2271 ante
1094 2222 1265 2270 ant.
1332 2220 1540 2270 Habent
1572 2220 1631 2272 Y.
1667 2221 1727 2270 Ο.
1759 2236 1810 2273 v.
1879 2221 1980 2274 Sed
2026 2224 2207 2285 opinor

325 2281 729 2331 Demosthenem
751 2284 1062 2344 scripturum
1079 2284 1240 2334 fuisse
1260 2288 1414 2346 μήτε
1435 2288 1492 2335 Φ.
1517 2288 1671 2345 μήτε
1694 2287 1750 2336 θ.

421 2349 447 2406 5
470 2346 551 2394 95.
620 2348 850 2408 προήκαθ’
873 2347 932 2397 Ο.
961 2363 1004 2397 r.
1033 2351 1072 2397 t.
1092 2347 1142 2397 u‘.
1162 2351 1215 2398 et
1235 2363 1309 2410 pr.
1339 2364 1386 2399 v,
1434 2350 1534 2397 Pro
1558 2352 1635 2399 καὶ
1667 2354 1803 2413 χώρᾳ
1836 2351 2000 2414 πολλῇ
2017 2351 2204 2401 Rmsx.

326 2411 378 2457 et
409 2409 575 2457 DOBR.
610 2414 774 2472 χώραν
802 2414 1006 2472 πολλήν,
1030 2412 1213 2473 quibus
1244 2413 1414 2462 fraudi
1453 2414 1553 2462 fuit
1591 2415 1836 2476 ἀσφάλεια
1877 2420 2206 2477 τετειχισμένη

326 2477 378 2520 et
401 2473 742 2524 ἀνασταθεῖσα.
809 2475 924 2524 Vid.
945 2478 1217 2537 note—7¹7
1238 2480 1448 2540 προτέρα
1479 2480 1679 2541 βοήθεια
1710 2479 1844 2538 vulg.
1885 2485 2005 2528 ante
2031 2481 2196 2531 ΒΕΚΚ.

327 2552 622 2598 quanquam
645 2540 872 2600 πρότερον
892 2540 1104 2589 nonnisi
1128 2540 1179 2590 S.
1211 2542 1438 2602 praebet.
1505 2543 1536 2601 ἡ
1558 2545 1622 2593 εἰς
1643 2542 1807 2594 Πύλας
1838 2543 2007 2595 ΒΕΚΚ.
2052 2547 2102 2592 et
2134 2548 2197 2596 st.

325 2600 483 2650 Dnu).
552 2600 652 2650 Sed
674 2603 705 2660 ἡ
726 2616 826 2652 om.
853 2603 914 2653 F.
937 2603 986 2653 S.
1024 2603 1083 2652 Y.
1102 2604 1160 2664 Q.
1193 2605 1250 2652 Ο.
1269 2607 1305 2653 t.
1323 2620 1376 2654 u.
1394 2605 1454 2654 B.
1488 2605 1589 2656 En.
1615 2606 1794 2655 Tumo.
1818 2610 1969 2656 reete.
2002 2611 2204 2669 βοήθεια

330 2668 392 2714 είς
413 2667 581 2715 Πύλας
601 2664 735 2713 nihil
752 2666 907 2715 habet
930 2666 1064 2728 quod
1086 2668 1325 2716 offendat.
1460 2670 1518 2718 ἂν
1541 2673 1805 2732 λογίσησθε
1830 2671 1880 2720 S.
1900 2672 1997 2719 En.
2018 2673 2195 2724 Turno.

326 2728 482 2779 Dmn.
510 2729 680 2778 Voma.
705 2729 869 2778 anx.
895 2733 958 2779 st.
1025 2731 1145 2779 Mox
1165 2733 1251 2782 τοίς
1272 2735 1369 2780 τῶν
1393 2733 1443 2781 S.
1468 2734 1528 2781 Y.
1562 2733 1706 2795 Vulg.
1733 2749 1834 2784 om.
1861 2738 1961 2784 τάς.

421 2793 549 2853 ἓ96.
618 2794 842 2843 ἁπάντων
877 2794 927 2845 S.
954 2795 1014 2844 Y.
1072 2798 1264 2845 πάντων
1296 2796 1379 2847 Al.
1418 2797 1469 2845 k.
1500 2812 1539 2848 Β.
1627 2798 1795 2848 Ceteri
1832 2801 1956 2849 κατὰ
1989 2801 2198 2850 πάντων.

326 2980 500 3041 ἐλθεῖν]
535 2978 673 3027 “the
693 2981 832 3028 utter
853 2979 1216 3043 impossibility
1313 2984 1592 3043 usurpatur
1618 2983 1861 3044 τειχισμὸς
1892 2998 1944 3046 p.
1976 2985 2085 3045 325,
2116 2987 2202 3045 25;

328 3043 380 3090 of
423 3043 560 3091 their
589 3057 704 3091 ever
741 3045 958 3104 coming,
995 3044 1084 3093 the
1121 3048 1214 3095 not
1312 3047 1365 3093 et
1386 3049 1547 3107 τεῖχος
1578 3061 1627 3108 Ρ.
1652 3047 1762 3103 599,
1798 3047 1915 3097 25.”
1982 3049 2198 3102 Scumr.

326 3106 475 3168 being
494 3106 652 3168 likely
672 3122 788 3156 ever
809 3115 862 3156 to
883 3109 1077 3159 oome.’'
1315 3110 1493 3171 Comp.
1530 3110 1879 3160 ἀνασταθεῖσαν
1901 3112 2005 3160 and
2029 3118 2202 3177 προβε·

389 3174 415 3230 §
439 3172 520 3221 95.
565 3174 645 3219 καὶ
660 3175 1016 3233 τετειχισμένην
1039 3174 1215 3235 κ.τ.λ.]
1311 3177 1532 3237 βλημένη
1551 3178 1577 3234 ἕ
1601 3176 1676 3222 30.
1810 3179 1935 3224 κατὰ
1957 3177 2199 3240 θηβαίων]

330 3239 359 3261 “
379 3234 494 3282 And
514 3235 622 3282 this
654 3236 889 3297 eecnrity,
913 3236 1135 3286 fortifled
1157 3252 1214 3285 as
1316 3243 1348 3266 ‘⁴
1363 3237 1489 3285 with
1524 3237 1705 3298 regard
1746 3240 1815 3295 to,
1861 3242 2199 3303 respecting.”

327 3297 369 3345 it
391 3313 492 3346 was
513 3298 580 3360 by
603 3299 777 3347 armed
812 3301 988 3358 foroeS,
1012 3301 1115 3349 and
1145 3316 1214 3349 an
1313 3301 1500 3356 Matth.
1525 3301 1612 3351 Gr.
1642 3302 1731 3351 Gr.
1755 3304 1907 3364 5581,
1937 3306 1984 3352 3.

329 3362 744 3424 unintermitting
754 3379 875 3422 war,
890 3364 993 3412 and
1014 3364 1214 3426 mighty
1376 3365 1486 3415 368.
1558 3369 1584 3426 5
1616 3366 1694 3415 96.
1731 3369 1837 3428 οὐχὶ
1869 3371 2203 3433 βουλομένους]

330 3426 475 3474 citios
496 3427 550 3474 of
571 3425 730 3490 alliefi,
748 3426 852 3475 and
872 3443 903 3477 a
924 3428 1060 3489 large
1081 3431 1213 3478 tract
1311 3428 1347 3478 i.
1362 3442 1406 3477 e.
1451 3429 1692 3478 Φίλιππον
1728 3433 1870 3479 πάνθ’
1905 3430 1941 3482 εἴ
1971 3437 2204 3494 πεποίηκε

331 3489 383 3536 of
413 3490 667 3552 territory,
689 3505 807 3552 you,
838 3492 905 3552 by
938 3507 1064 3553 your
1095 3508 1213 3554 neg·
1311 3496 1412 3542 τοῖς
1443 3495 1667 3552 Θηβαίοις
1723 3498 1895 3543 ποιεῖν’
1963 3496 2120 3546 “that
2159 3498 2203 3547 it

329 3552 440 3613 leot,
480 3554 699 3603 suffered
741 3556 794 3603 to
832 3555 895 3603 be
923 3555 1031 3605 laid
1074 3557 1214 3605 deso·
1311 3571 1415 3605 was
1449 3556 1705 3618 evidently
1741 3561 1955 3607 oounter
1991 3562 2046 3608 to
2075 3576 2203 3622 your

330 3616 480 3665 late.”
557 3619 757 3666 “Amat
812 3619 991 3668 Orator
1035 3619 1213 3682 hujus·
1311 3620 1508 3671 wishes,
1520 3620 1546 3643 '’
1656 3624 1765 3681 ,τὴν
1779 3625 1956 3685 ἔχθραν
1975 3628 2062 3682 τὴν
2086 3627 2203 3685 πρὸς

331 3680 465 3730 modi
489 3683 678 3743 tropos.
749 3682 834 3732 Sic
873 3684 1214 3746 metaphorice
1311 3687 1460 3749 Θηβ.]
1497 3684 1606 3759 'See
1637 3685 1812 3736 Bremi
1847 3701 1914 3736 on
1936 3702 1984 3750 p.
2015 3689 2093 3749 66,
2122 3691 2197 3741 10.
