2667 4142
50 102 53 173 ι

50 176 53 237 ’
752 230 870 295 DE
935 228 1220 296 FALSA
1274 228 1800 296 LEGATIONE.
2105 228 2232 298 107

352 382 614 468 τίμημα,
653 380 687 449 ἶ)
721 385 955 460 ταύτην
995 385 1121 468 ἕξει
1157 384 1272 465 τὴν
1315 382 1500 467 ἀξίαν
1544 381 1708 450 ὥστε
1746 379 2065 448 τοσούτων
2099 381 2230 447 ἅδι-

222 505 320 565 145
350 486 648 568 κημάτων
675 484 1022 576 ἀξιόχρεων
1051 487 1410 573 φαίνεσθαι.
1485 489 1619 556 πῶς
1646 484 1768 572 γὰρ
1798 484 1911 550 οὐκ
1938 484 2228 572 αἰσχρόν,
2265 501 2373 558 132

349 587 400 654 ὦ
445 587 662 676 ἄνδρες
707 586 1046 669 Ἀθηναῖοι,
1101 587 1377 675 δημοσίᾳ
1414 586 1531 670 μὲν
1576 587 1864 658 ἅπαντας
1913 587 2075 670 ὑμᾶς
2125 587 2231 652 καὶ

348 690 500 755 ὅλον
527 688 636 755 τὸν
665 689 864 773 δῆμον
891 690 1061 755 πᾶσι
1091 695 1222 759 τοῖς
1250 687 1721 776 πεπραγμένοις
1750 691 1820 754 ἐκ
1849 693 1961 769 τῆς
1990 681 2233 775 εἰρήνης·

348 793 665 875 ἐπιτιμᾶν,
687 791 793 858 καὶ
809 791 969 873 μήτε
990 792 1201 857 τῶνέν
1217 791 1647 878 Ἀμφικτύοσι
1663 797 1976 859 κοινωνεῖν
1993 792 2233 862 ἐθέλειν

346 894 671 965 δυσκόλως
696 892 755 958 τ’
779 893 951 983 ἔχειν
971 892 1080 959 καὶ
1108 890 1410 963 ὑπόπτως
1433 893 1590 979 πρὸς
1620 892 1726 958 τὸν
1763 893 2117 974 Φίλιππον,
2150 894 2231 966 ὥς

347 995 607 1074 ἀσεβῶν
636 993 744 1060 καὶ
772 993 986 1060 δεινῶν
1014 995 1209 1062 ὄντων
1245 997 1256 1079 Ι
1295 998 1422 1062 τῶν
1463 995 1925 1082 πεπραγμένων
1952 995 2059 1061 καὶ
2089 995 2232 1063 οὔτε
2258 1005 2381 1085 382

347 1097 606 1163 δικαίων
641 1096 773 1165 οὔθ’
818 1097 962 1180 ύμῖν
1001 1097 1468 1184 συμφερόντων,
1498 1096 1585 1166 εἰς
1624 1096 1694 1163 δὲ
1721 1095 1794 1163 τὸ
1825 1097 2233 1185 δικαστήριον

348 1199 754 1271 εἰσελθόντας
810 1200 924 1269 τὰς
980 1199 1140 1288 ὑπὲρ
1213 1198 1451 1266 τούτων
1520 1197 1776 1270 εὐθύνας
1834 1198 2228 1280 δικάσοντας,

347 1298 532 1387 ’όρκον
573 1300 731 1387 ὑπὲρ
772 1306 882 1383 τῆς
917 1302 1162 1372 πόλεως
1191 1300 1609 1386 ὀμωμοκότας,
1642 1301 1750 1369 τὸν
1778 1301 2079 1368 ἁπάντων
2106 1303 2232 1368 τῶν

347 1408 555 1470 κακῶν
597 1407 814 1485 αἴτιον,
861 1406 969 1472 καὶ
1008 1405 1078 1471 ὃν
1117 1405 1410 1492 εἰλήφατ’
1448 1404 1548 1471 ἐπ’
1588 1405 1934 1494 αὐτοφώρῳ
1968 1409 2230 1471 τοιαῦτα

220 1517 322 1585 146
346 1507 755 1588 πεποιηκότα,
802 1513 1024 1574 τοῦτον
1064 1507 1355 1596 ἅφεῖναις
1402 1509 1511 1574 καὶ
1556 1509 1651 1578 τίς
1692 1507 1762 1574 ού
1804 1508 2055 1579 δικαίως
2085 1505 2230 1589 ὑμῖν
2260 1527 2368 1583 133

349 1607 683 1690 ἐγκαλέσει
725 1612 850 1673 τῶν
895 1608 1114 1674 ἄλλων
1156 1613 1458 1684 πολιτῶν,
1509 1614 1766 1693 μᾶλλον
1816 1609 1870 1675 δ’
1929 1609 2229 1676 ἁπάντων

347 1712 470 1774 τῶν
497 1707 849 1790 Ἑλλήνων,
882 1708 1040 1798 ὁρῶν
1082 1711 1401 1798 Φιλίππῳ
1439 1711 1556 1794 μὲν
1592 1710 1749 1795 ὑμᾶς
1785 1708 2227 1799 ὀργιζομένους,

346 1808 412 1882 ὃς
455 1813 527 1878 ἐκ
567 1813 854 1896 πολέμου
894 1814 1261 1897 ποιούμενος
1287 1815 1547 1901 εἰρήνην
1581 1815 1759 1901 παρὰ
1784 1819 1911 1881 τῶν
1940 1813 2227 1882 πωλούν-

345 1941 472 1979 των
514 1912 627 1983 τὰς
660 1913 923 2001 πράξεις
957 1916 1223 1996 ἐωνεῖτο,
1253 1920 1523 2003 πρῶγμα
1555 1917 1810 1997 πολλὴν
1850 1916 2228 1999 συγγνώμην

344 2014 496 2105 ἔχον
539 2015 1086 2104 διαπραττόμενος,
1123 2019 1372 2085 τουτονὶ
1410 2016 1463 2084 δ’
1506 2017 1818 2106 ἀφιέντας,
1857 2018 1922 2091 ὃς
1960 2018 2045 2086 τὰ
2083 2018 2226 2103 ὑμέ-

49 440 65 487 b

432 2200 589 2262 3145.
663 2199 887 2251 τᾶσιΑῙ.
913 2201 965 2251 S.
988 2201 1050 2250 Y.
1073 2202 1492 2264 kdvaccvulgo.
1561 2203 1822 2266 καὶτόνὸρ
1823 2204 1981 2252 κονΕ.
2007 2204 2068 2266 Q.
2094 2205 2154 2255 O.
2178 2221 2221 2258 r.

341 2268 537 2316 t.u.v.
571 2267 755 2315 eti-‚ec
793 2266 844 2315 S.
879 2267 981 2314 τὸν
997 2266 1208 2329 ὐπὲρΕ.
1233 2267 1292 2316 Y.
1320 2266 1378 2328 Q.
1404 2267 1464 2315 Ο.
1483 2281 1529 2315 r.
1552 2268 1593 2315 t.
1618 2281 1669 2315 ιι.
1693 2282 1743 2315 v.
1792 2222 2068 2318 &Schaeser
2108 2273 2226 2331 post

343 2333 634 2390 δικάσοντας,
660 2332 961 2390 ὀμωμοκότας
992 2329 1443 2379 subdistinctiones
1466 2331 1657 2380 deletas
1679 2332 1892 2381 mavult.
1964 2332 2009 2379 E
2016 2332 2225 2394 quidem

341 2408 521 2443 omnes
541 2394 841 2455 hujusmodi
864 2393 1315 2444 subdistinctiones
1341 2395 1440 2444 odi.
1511 2395 1613 2443 Sed
1643 2395 1840 2456 aliquid
1870 2347 2083 2446 debetur
2103 2413 2221 2447 con-

338 2458 503 2571 genti
545 2458 818 2507 Editorum
859 2459 1146 2509 consensui.
1229 2460 1351 2508 Mox
1395 2462 1644 2523 αὐτοφόρῳ
1689 2459 1741 2510 S.
1789 2459 1921 2508 “hic
1965 2463 2017 2509 et
2060 2462 2221 2511 alibi”

387 2537 481 2570 nu)
521 2524 670 2571 teste.

437 2587 597 2647 5146.
663 2588 940 2648 ἐγκαλέσειε
970 2602 1012 2635 r.
1048 2587 1111 2637 ἄν
1146 2589 1251 2648 ὑμῖν
1280 2590 1562 2650 ἐγκαλέσειε
1594 2586 1646 2636 k.
1671 2602 1710 2638 s.
1740 2588 1821 2636 Al.
1845 2587 1989 2638 Harl.
2060 2588 2222 2639 Futu-

337 2665 456 2700 rum
477 2652 670 2700 καλέσω
689 2652 775 2699 vix
796 2651 944 2700 credo
967 2652 1183 2700 existere
1210 2651 1314 2700 nisi
1343 2651 1401 2699 ιιι
1426 2655 1707 2714 compositis
1731 2652 1971 2713 (saltem
1955 2668 2013 2701 ιιι
2034 2657 2222 2704 Atticis

338 2714 698 2777 scriptoribus3
731 2730 855 2764 nam
883 2715 941 2763 in
973 2715 1179 2765 Aristot.
1208 2730 1265 2764 11.
1293 2715 1467 2765 Ethic.
1490 2716 1601 2764 Nic.
1626 2719 1671 2774 7,
1699 2717 1761 2765 10
1780 2720 2042 2776 καλέσομεν
2063 2718 2223 2769 edidit

337 2779 535 2841 Bekk),
563 2794 604 2829 θ.
623 2793 668 2839 g.
699 2781 1042 2829 ἐκκαλέσεσθαι
1062 2779 1242 2830 Aesch.
1261 2780 1395 2829 Tim.
1421 2784 1446 2841 ἓ
1472 2782 1566 2832 174
1588 2782 1651 2828 24
1676 2780 1748 2830 St.
1763 2781 1990 2831 -τ-169Β.
2055 2785 2221 2833 έτικα·

338 2847 535 2893 λέσεται
554 2843 677 2905 Lyc.
701 2857 743 2892 e.
769 2845 942 2892 Leocr.
967 2848 993 2905 ἓ
1017 2845 1076 2895 17
1101 2844 1195 2892 150
1220 2844 1354 2894 St.-
1308 2846 1461 2893 -149
1483 2845 1546 2892 Β.
1612 2849 1966 2907 παρακαλέσειν
1986 2847 2134 2895 Dem.
2159 2847 2223 2897 de

337 2907 515 2956 Ghers.
540 2922 590 2969 p.
615 2909 678 2956 93
700 2911 727 2968 ὅ
750 2909 813 2955 14
835 2909 891 2970 [“
905 2909 1099 2957 καλέσω
1119 2908 1345 2970 undique
1368 2908 1722 2970 expellendum
1743 2909 1845 2958 nisi
1867 2909 2222 2971 conjunctivus

340 2971 448 3020 sit”
485 2971 659 3021 Cobet.
705 2971 823 3022 Ver.
864 2972 1006 3022 Lect.
1049 2987 1097 3033 p.
1132 2974 1212 3020 28.
1282 2973 1445 3021 “Non
1480 2973 1631 3022 aliter
1673 2987 1826 3034 quam
1861 2977 2018 3037 γαμῶ,
2067 2979 2215 3037 καλῶ,

341 3038 551 3098 ἐγκαλῶ,
580 3039 824 3096 συγκαλῶ,
853 3037 993 3097 τελῶ,
1022 3037 1238 3093 διατελῶ,
1265 3035 1490 3097 ἀκοῦμαι’
1493 3036 1664 3087 ’.Nov
1689 3037 1827 3087 Lect.
1864 3052 1914 3099 Ρ.
1941 3039 2019 3087 63.
2067 3039 2143 3088 Cf.
2167 3055 2219 3102 Ρ.

342 3101 473 3161 438}
540 3100 738 3148 Buttm.
763 3100 968 3160 quidem
994 3101 1110 3164 (Ιττ.
1146 3102 1310 3159 Verba,
1342 3116 1394 3163 p.
1422 3100 1513 3149 141
1544 3115 1598 3149 ιι.
1626 3101 1846 3164 Traml.)
1881 3101 2007 3151 citat
2032 3107 2223 3154 καλέσω

343 3179 406 3213 ex
432 3163 671 3212 Aeschin.
705 3164 959 3212 Timarch.
994 3164 1106 3225 §67
1127 3179 1175 3226 Ρ.
1203 3166 1265 3214 10
1290 3165 1419 3216 St.=
1431 3167 1493 3215 89
1515 3165 1577 3216 Β.
1617 3165 1799 3227 (οὐκοῦν
1831 3170 1907 3215 καὶ
1942 3168 2085 3216 αὐτὸν
2118 3169 2223 3228 ὑμῖν

345 3231 535 3277 καλέσω
576 3229 659 3277 τὸν
695 3228 1044 3290 Ἡγήσανδρον.
1124 3229 1296 3277 Cobet.
1340 3229 1544 3290 reponit
1588 3231 1732 3279 καλῶ.
1818 3229 1917 3278 Sed
1958 3230 2031 3280 ibi
2074 3232 2222 3280 credo

345 3295 519 3341 aorist.
557 3293 863 3353 conjunctivi
898 3307 1008 3342 esse
1043 3296 1251 3342 καλέσω·
1284 3296 1353 3342 let
1389 3308 1463 3342 me
1500 3295 1632 3344 call.-
1677 3307 1843 3355 neque
1876 3294 2017 3343 enim
2053 3295 2223 3346 obstat

411 3450 521 3499 382.
592 3451 621 3509 ἕ
664 3448 775 3496 146.
840 3449 890 3499 ὃς
925 3451 981 3499 ἐκ
1024 3449 1238 3507 πολέμου
1333 3450 1395 3507 it,
1417 3446 1453 3498 i.
1470 3462 1514 3496 e.
1538 3447 1628 3497 the
1646 3447 1857 3510 making
1872 3454 2057 3511 peace)
2045 3453 2075 3477 ”
2128 3451 2224 3501 See

349 3514 535 3575 κ.τ.λ.]
615 3512 796 3561 “Who
842 3513 990 3562 when
1030 3510 1239 3572 making
1331 3511 1492 3561 below
1511 3526 1562 3573 p.
1585 3513 1680 3565 437
1703 3516 1730 3573 δ
1754 3514 1847 3561 343
1877 3516 1949 3576 τῷ
1975 3515 2108 3579 παρὰ
2129 3519 2226 3565 τῶν

520 3579 653 3627 after
673 3592 777 3627 war
800 3590 902 3628 was
924 3576 1237 3640 purchasing
1334 3576 1624 3626 πωλούντων
1645 3578 1732 3627 τὰς
1762 3577 1954 3639 πράξεις
1984 3581 2219 3630 ὠνεῖσθαι.

350 3643 480 3691 from
501 3642 651 3703 those
671 3641 785 3691 who
806 3656 935 3691 were
966 3642 1160 3701 wiffing
1181 3644 1235 3688 to
1331 3641 1421 3691 τας
1460 3640 1650 3703 πράξεις
1686 3643 1888 3703 equally
1919 3642 2128 3706 belongs
2164 3649 2221 3694 to

352 3707 441 3757 sen
462 3709 542 3758 the
558 3722 696 3772 ways
705 3709 815 3757 and
827 3722 991 3756 means
1009 3709 1069 3770 os
1085 3707 1235 3767 doing
1332 3709 1616 3756 πωλούντων
1636 3706 1737 3755 and
1758 3708 1957 3757 ἐωνεῖτο
