2667 4142
481 198 607 262 124
1096 194 1737 265 DEMOSTHENIS

476 354 549 419 ἐκ
597 352 884 436 πολέμου
932 355 1301 437 γιγνομένης
1354 355 1597 440 εἰρήνης
1653 356 1911 441 προεθῇ,
1973 360 2178 424 ταῦτα
2234 362 2360 431 τοῖς

474 455 882 538 ἀμελήσασιν
916 456 1302 523 ἀπόλλυται·
1350 458 1543 529 οὐδεὶς
1581 458 1705 547 γὰρ
1745 460 1992 526 πώποθ’
2034 460 2194 548 ὑπὲρ
2238 466 2360 527 τῶν

474 558 640 625 ὅλων
678 561 963 632 πεισθεὶς
1003 559 1250 646 εἰρήνην
1289 561 1464 644 ἄγειν
1496 561 1654 646 ὑπὲρ
1686 566 1811 627 τῶν
1840 565 2354 651 ἐγκαταλειφθέν-

473 690 599 728 των
628 665 700 747 ἐξ
727 663 927 752 ἀρχῆς
958 662 1233 745 ἠθέλησε
1261 669 1585 746 πολεμεῖν,
1618 662 1791 730 ἀλλὰ
1822 665 1998 731 ταῦθ’
2029 665 2092 731 οἱ
2116 677 2355 753 προλα-

470 765 695 845 βόντες
733 766 1009 854 ἔχουσιν.
1097 768 1294 854 χωρὶς
1335 767 1403 832 δὲ
1440 767 1678 832 τούτων
1717 767 1888 832 δυοῖν
1914 768 2260 856 χρησίμοιν
2288 769 2356 834 οὗ
2383 777 2477 834 166

471 869 1020 955 διαμαρτήσεσθαι
1049 869 1162 947 τὴν
1190 869 1385 934 πόλιν
1411 867 1692 953 ήνγούμην
1721 875 2139 937 πλευσάντων
2168 871 2354 954 ήμῶν·

469 971 510 1054 ἢ
552 974 678 1059 «γὰρ
717 972 1050 1055 παρόντων
1089 971 1194 1037 καὶ
1234 973 1402 1037 κατὰ
1442 973 1515 1038 τὸ
1553 974 1847 1060 ψήφισμ’
1878 974 2065 1038 αὐτὸν
2094 975 2355 1057 ἐξορκω-

469 1072 737 1149 σάντων,
771 1073 813 1139 ἂ
850 1076 966 1155 μὲν
1005 1073 1255 1160 εἰλήφει
1294 1079 1405 1153 τῆς
1440 1075 1681 1145 πόλεως·
1721 1074 2096 1156 ἀποδώσειν,
2131 1080 2255 1143 τῶν
2288 1076 2353 1141 δὲ

467 1180 715 1241 λοιπῶν
753 1175 1122 1260 ἀφέξεσθαι,
1153 1176 1193 1258 ἢ
1229 1177 1316 1260 μὴ
1357 1181 1687 1249 ποιοῦντος
1726 1184 1928 1245 ταῦτα
1967 1178 2354 1262 ἀπαγγελεῖν

331 1298 440 1356 152
468 1280 633 1363 ἡμᾶς
682 1280 901 1352 εὐθέως·
953 1280 1147 1367 δεῦρο,
1199 1280 1349 1347 ὥστ’
1399 1283 1464 1346 ἐν
1511 1283 1764 1353 ἐκείνοις·
1808 1289 1940 1352 τοῖς
1987 1285 2204 1371 πόῤῥω
2247 1285 2351 1349 καὶ

468 1379 774 1451 ἐλάττοσι
831 1384 944 1467 τὴν
1000 1389 1376 1470 πλεονεξίαν
1433 1387 1541 1453 καὶ
1590 1387 1703 1469 τὴν
1752 1387 2062 1453 ἀπιστίαν
2115 1386 2352 1459 ἰδόντας·

467 1581 770 1631 dirimitur”
814 1580 1030 1630 Scnfflr.
1103 1582 1180 1630 De
1225 1596 1325 1643 quo
1366 1584 1540 1630 tamen
1577 1582 1820 1632 nonnihil
1851 1583 2353 1645 dubita——mxxrf-
2372 1619 2403 1644 0

469 1665 613 1697 σασιν
634 1647 684 1695 k.
712 1661 752 1696 r.
784 1660 826 1694 s.
851 1645 932 1693 Al.
957 1647 1038 1693 A2.
1064 1646 1207 1695 Harl.
1280 1647 1461 1694 Edidit
1484 1647 1666 1696 Rmsx.

565 1712 720 1771 §16st
793 1713 1128 1772 ἀπαγγέλλειν
1149 1725 1327 1759 omnes
1350 1711 1481 1761 libri.
1552 1715 1858 1773 ἀπαγγελεῖν
1893 1712 2050 1773 Marg.
2089 1712 2261 1761 Ioutet.
2299 1715 2349 1761 et

469 1781 499 1806 ‘⁸
518 1776 703 1826 MSS.”
728 1775 801 1823 ait
825 1775 1044 1823 Tanos.
1112 1775 1318 1823 Primus
1341 1776 1570 1837 reposuit
1602 1777 1784 1824 Rmsx.
1810 1779 1859 1824 et
1881 1780 1998 1838 post
2022 1792 2141 1826 eum
2174 1792 2349 1825 omnes

465 1843 665 1903 praeter
685 1840 860 1888 Voem.
994 1841 1176 1889 εἰδότας
1206 1841 1317 1901 (pro
1349 1842 1548 1905 ἰδόντας)
1570 1841 1630 1888 F.
1656 1841 1714 1902 Q.
1742 1841 1799 1891 Ο.
1827 1849 1866 1890 1;.
1890 1857 1940 1890 u.
1963 1857 2011 1891 V.
2083 1841 2159 1891 Cf.
2183 1845 2209 1902 ἓ
2235 1843 2341 1891 151.

468 2024 707 2084 ὥρμησθε,
776 2023 840 2072 89
914 2021 1358 2070 ἀδύνατα...κατα-
1457 2023 1552 2071 229
1574 2022 1620 2070 D
1646 2024 1798 2071 καίτοι
1825 2025 1950 2072 κατὰ
1981 2023 2064 2071 rav
2089 2025 2168 2073 σὸν
2203 2027 2350 2085 λόγον

467 2089 643 2146 σχεῖν
697 2090 766 2148 (to
807 2093 889 2147 yet
927 2088 1031 2134 and
1070 2088 1221 2148 keep).

465 2154 612 2200 οὐδεὶς
644 2154 745 2214 γὰρ
778 2150 962 2199 πώποθ’
999 2152 1168 2212 κ.τ.λ.]
1209 2151 1360 2197 “For

466 2230 536 2263 no
571 2230 667 2263 one
701 2230 772 2276 up
805 2218 860 2263 to
898 2215 1005 2263 this
1037 2215 1134 2278 day
1166 2215 1359 2274 having

466 2280 595 2329 been
616 2279 836 2328 induced
851 2282 905 2328 to
924 2283 1067 2328 enter
1079 2279 1193 2327 into
1206 2294 1360 2340 peace

466 2344 547 2392 for
583 2344 671 2393 the
716 2344 920 2405 general
961 2344 1204 2392 interests
1242 2358 1359 2391 ever

466 2423 570 2457 was
602 2409 794 2469 willing
815 2411 868 2456 to
891 2423 953 2470 go
974 2412 1029 2456 to
1050 2423 1153 2456 war
1185 2408 1359 2456 afresh

464 2487 607 2535 upon
641 2476 855 2521 matters
892 2472 1059 2521 which
1093 2472 1196 2521 had
1229 2473 1358 2520 been

466 2538 782 2598 neglected.”
885 2540 1360 2600 ἐγκαταλειφθέντων

468 2603 648 2665 nearly
691 2602 985 2663 equivalent
1040 2605 1094 2650 to
1138 2604 1359 2666 προεθέν-

472 2685 581 2716 των.

531 2730 690 2791 5166.
763 2730 1012 2792 Compare
1047 2730 1274 2792 Thucyd.
1315 2745 1352 2780 1.

467 2797 531 2843 33
555 2797 675 2855 μηδὲ
699 2797 821 2843 δυοῖν
857 2795 1043 2857 φθάσαι
1081 2795 1359 2858 ἁμάρτωσιν

467 2859 498 2918 ἢ
535 2861 748 2907 κακῶσαι
791 2858 914 2919 ἡμᾶς
949 2860 980 2918 ἢ
1025 2861 1153 2920 σφοῖς
1191 2860 1360 2910 αὐτοὺς

463 2922 840 2988 βεβαιώσασθαι,
915 2923 1082 2972 where
1159 2924 1362 2972 Goeller

466 3001 730 3049 compares
786 2988 938 3049 Soph.
999 2989 1184 3036 Electr.
1232 2989 1356 3036 1312

466 3054 637 3115 [1320]
675 3056 757 3100 οὐκ
799 3054 859 3101 ἂν
893 3055 1017 3102 δυοῖν
1060 3054 1290 3115 ἥμαρτον·
1327 3053 1361 3111 ἢ

465 3121 563 3180 γὰρ
586 3119 646 3166 ἂν
668 3119 822 3167 καλῶς
849 3116 856 3182 1
888 3119 1031 3168 &awo-⁹
1071 3120 1293 3175 ἐμαυτήν,
1325 3118 1358 3177 ἢ

467 3183 624 3232 καλῶς
646 3181 918 3242 ἀπωλόμην,
943 3182 1046 3230 and
1071 3182 1219 3245 (after
1233 3182 1360 3228 Din-

467 3247 582 3295 dorf
591 3248 611 3312 )
634 3246 876 3296 Andocid.
886 3247 947 3295 de
956 3247 1163 3308 Myster.
1184 3250 1209 3306 ξ
1226 3247 1288 3294 20
1306 3262 1355 3308 p.

465 3312 499 3359 4
522 3312 597 3362 St.
611 3312 726 3358 =11
750 3312 811 3359 R.
837 3314 888 3360 ἐν
907 3311 944 3372 ᾦ
960 3314 1083 3361 δυοῖν
1104 3314 1205 3359 τοῖν
1223 3314 1358 3371 μεγί-

465 3393 599 3425 στοιν
621 3378 787 3425 κακοῖν
800 3374 881 3424 οὐκ
895 3377 953 3436 ἥν
971 3375 1099 3436 αὐτῷ
1115 3377 1361 3438 ἁμαρτεῖν·

464 3442 496 3501 ἢ
524 3443 621 3502 γὰρ
635 3443 747 3498 ἐμοῦ
769 3441 983 3500 δόξαντος
1005 3443 1068 3489 τὰ
1090 3441 1204 3488 ὄντα
1216 3444 1359 3500 μηνῦ-

465 3524 549 3555 σαι
564 3508 847 3555 κατ’έκείνου
863 3504 938 3553 ὑπ’
955 3505 1066 3564 ἐμοῦ
1082 3503 1354 3567 ἀποθανεῖν,

464 3570 496 3630 ἢ
536 3569 668 3629 αὐτῷ
698 3572 896 3618 σωθέντι
942 3572 1023 3626 ἐμὲ
1059 3569 1350 3620 ἀποκτεῖναι.

463 3634 687 3684 Dindorf
720 3634 905 3694 (Praei.
945 3635 1089 3682 Dem.
1131 3647 1182 3694 p.
1222 3638 1356 3693 vm.)

464 3698 592 3749 adds
637 3698 774 3746 from
810 3697 1019 3748 Isocrat.
1079 3696 1249 3746 Busir.
1305 3713 1359 3761 p.

1460 2089 1583 2136 δυοῖν
1603 2090 1703 2136 τοῖν
1726 2090 1997 2148 αἰσχίστων
2018 2087 2073 2137 οὐ
2094 2089 2345 2151 διαμαρτά-

1456 2167 1625 2201 νουσιν·
1663 2155 1704 2199 εἰ
1740 2156 1826 2212 μὲν
1859 2155 1956 2215 γὰρ
1984 2156 2133 2211 μηδὲν
2165 2156 2347 2202 δέονται

1458 2219 1697 2278 χρηστοὺς
1751 2216 1920 2266 αὐτοὺς
1980 2219 2112 2276 εἶναι,
2166 2222 2348 2280 χείρους

1458 2284 1547 2330 εἰσὶ
1584 2283 1676 2329 τῶν
1707 2280 1968 2343 ἀνθρώπων
2004 2285 2092 2340 τὴν
2122 2285 2346 2339 διάνοιαν,

1460 2348 1501 2393 εἰ
1525 2349 1575 2395 δὲ
1605 2349 1860 2409 βούλονται
1897 2349 1998 2407 μέν,
2037 2346 2267 2408 ἀποροῦσι
2305 2348 2343 2396 δ’

1456 2413 1583 2460 ὅπως
1658 2412 1939 2469 ποιήσωσιν,
2012 2412 2203 2460 ἐλάττω
2253 2412 2347 2459 τῶν

1456 2476 1699 2536 σοφιστῶν
1743 2479 1831 2534 τὴν
1894 2478 2084 2532 δύναμιν
2137 2478 2343 2536 ἔχουσιν.

1452 2539 1517 2586 In
1562 2539 1630 2586 all
1684 2539 1830 2587 these
1883 2553 2123 2601 passages
2168 2540 2348 2588 earlier

1455 2604 1681 2651 scholare
1713 2603 1905 2652 wished
1946 2606 2001 2651 to
2034 2604 2196 2652 insert
2251 2604 2347 2653 ἑνὸς

1454 2683 1512 2716 or
1553 2671 1752 2731 θατέρου
1791 2667 1936 2731 (even
1970 2668 2128 2715 Bekk.
2165 2668 2222 2716 in
2257 2668 2345 2716 the

1453 2746 1664 2793 passage
1707 2732 1841 2779 from
1893 2732 2214 2794 Andocides),
2253 2733 2346 2781 but

1454 2796 1543 2844 the
1559 2799 1768 2844 veteran
1785 2797 2068 2853 Hermann,
2084 2796 2145 2845 de
2166 2798 2343 2859 Ellips.

1455 2863 1507 2908 et
1530 2861 1703 2908 Pleon.
1726 2875 1776 2921 p.
1802 2862 1911 2921 141,
1951 2875 2053 2907 saw
2087 2862 2176 2910 the
2208 2862 2344 2923 right

1456 2925 1801 2986 explanation,
1838 2924 1939 2973 and
1960 2926 2049 2973 the
2069 2926 2345 2988 Interpret-

1456 3003 1538 3037 ers
1571 3003 1638 3036 on
1674 2989 1994 3051 Thucydides
2027 2989 2160 3037 have
2192 2991 2341 3039 made

1456 3053 1499 3102 it
1516 3053 1647 3115 fully
1668 3053 1814 3103 clear.
1888 3054 1951 3101 In
1966 3069 2034 3101 an
2054 3056 2344 3115 affimative

1457 3120 1696 3166 sentence
1730 3132 1803 3165 we
1830 3121 1972 3165 must
2001 3133 2091 3177 say
2127 3125 2159 3147 “
2179 3121 2234 3167 to
2256 3119 2346 3168 fail

1454 3182 1513 3230 in
1535 3197 1631 3229 one
1653 3183 1707 3230 of
1737 3183 1837 3229 two
1858 3181 2082 3242 things,'’
2107 3182 2200 3231 but
2229 3183 2287 3232 in
2310 3195 2341 3229 a

1451 3249 1682 3307 neyative
1722 3249 1862 3294 “not
1904 3248 1959 3294 to
2002 3246 2095 3295 fail
2131 3247 2190 3295 in
2223 3248 2346 3296 both

1456 3311 1632 3371 things
1648 3312 1674 3334 ”
1711 3310 1974 3373 obviously
2004 3311 2211 3374 implies
2250 3318 2342 3361 “to

1455 3376 1657 3424 succeed
1691 3378 1749 3423 in
1791 3391 1879 3423 ene
1924 3391 1980 3423 or
2025 3377 2106 3424 the
2151 3375 2342 3426 other.'’

1456 3441 1728 3488 Hermann
1754 3439 1839 3502 (on
1862 3440 2048 3489 Electr.
2072 3442 2159 3488 ubi
2182 3444 2340 3503 supr.)

1453 3518 1555 3552 was
1579 3518 1699 3551 over
1717 3503 1871 3565 hasty
1890 3504 1949 3552 in
1978 3505 2208 3566 saying‘
2215 3505 2343 3553 ⁸-Ad

1456 3569 1588 3618 didit
1599 3568 1996 3630 OdrepovAndoci
1998 3568 2087 3616 des
2105 3569 2342 3618 deRedit.

1454 3638 1481 3696 ἓ
1511 3637 1607 3696 7Ρ
1610 3635 1714 3683 ,20
1740 3633 1874 3683 815.·-
1831 3635 1949 3683 =7s
1970 3633 2067 3680 R.”
2149 3635 2345 3696 θάτερον

1453 3698 1604 3748 could
1624 3699 1718 3747 not
1739 3697 1802 3746 be
1824 3696 2041 3746 omitted
2067 3697 2230 3762 there,
2257 3697 2345 3747 the
