2667 4142
219 951 327 1006 27²

356 170 479 232 222
980 169 1618 235 DEMOSTHENIS

355 321 599 410 χρυσὸν
626 321 731 386 τὸν
775 321 846 385 ἐκ
889 322 1013 385 τῶν
1052 318 1408 405 ,Βαρβάρων
1438 319 1523 390 εἰς
1554 318 1696 391 τοὺς
1721 316 2053 402 ’Έλληνας
2081 322 2239 406 ἤγα-

354 448 482 505 Ὑεν.
573 419 793 487 οὐκοῦν
838 420 1033 495 ἔστιν,
1066 418 1146 491 ὦς
1194 422 1410 500 ἔοικεν,
1444 422 1515 486 ἐκ
1557 421 1796 488 τούτων
1841 423 1989 489 ἰδεῖν
2034 422 2133 490 ὅτι
2176 424 2244 489 οἱ

354 522 655 608 πρόνγονοι
681 524 797 604 μὲν
826 516 995 604 ὑμῶν
1025 520 1191 592 ὅπως
1225 520 1369 604 μηδ’
1401 522 1602 592 ἄλλος
1630 522 1976 609 ἀνθρώπων
2021 526 2238 609 μηδεὶς

356 625 465 691 ἐπὶ
520 627 814 714 χρήμασι
869 624 1064 707 μηδὲν
1122 624 1461 707 ἐργάσεται
1519 622 1710 690 κακὸν
1774 625 1887 706 τὴν
1942 626 2238 692 Ἑλλάδα

357 727 731 811 ἐφρόντιζον,
764 724 934 807 ὑμεῖς
965 726 1031 789 δὲ
1060 723 1199 790 οὐδὲ
1227 724 1342 805 τὴν
1370 725 1562 790 πόλιν
1592 724 1784 806 αὐτὴν
1813 726 1981 796 ὅπως
2023 727 2238 807 μηδεὶς

358 833 482 894 τῶν
532 831 813 893 πολιτῶν
844 825 1131 905 ἀδικήσει
1167 827 1551 912 προορᾶσθε.

358 931 544 1018 ἔτυχε
582 934 783 996 ταῦτα
822 929 906 994 τὰ
946 928 1267 1014 «γράμμαθ’
1298 929 1580 1009 ἔστηκεν.
1670 929 1820 995 ἀλλ’
1861 929 2014 1010 ὅλης
2043 929 2237 1012 οὔσης

359 1030 524 1118 ἱερᾶς
552 1035 662 1113 τῆς
692 1029 1094 1117 ἀκροπόλεως
1124 1031 1395 1110 ταυτησὶ
1431 1031 1537 1096 καὶ
1565 1032 1820 1112 πολλὴν
1849 1030 2237 1119 εὐρυχωρίαν

315 1139 321 1145 ’
358 1138 627 1223 ἐχούσης
673 1135 852 1220 παρὰ
896 1135 1011 1215 τὴν
1060 1139 1314 1223 χαλκῆν
1358 1134 1474 1216 τὴν
1517 1137 1805 1218 μεγάλην
1843 1136 2123 1216 Ἀθηνᾶν
2166 1140 2241 1203 ἐκ

357 1239 562 1322 δεξιᾶς
609 1238 886 1319 ἔστηκεν,
918 1236 993 1320 ἢν
1043 1238 1362 1323 ἀριστεῖον
1411 1238 1450 1318 ἦ
1500 1240 1689 1309 πόλις
1737 1243 1847 1305 τοῦ
1893 1241 2050 1324 πρὸς
2092 1241 2238 1312 τοὺς

356 1339 729 1425 βαρβάρους
747 1340 1051 1420 πολέμου,
1077 1340 1307 1405 δόντων
1325 1343 1450 1405 τῶν
1476 1339 1808 1420 “Ελλήνων
1830 1342 1913 1406 τὰ
1936 1341 2241 1430 χρήματα

359 1440 552 1522 ταῦτ’,
599 1440 910 1521 ἀνέθηκεν.
999 1441 1140 1505 τότε
1177 1442 1293 1521 μὲν
1327 1442 1536 1506 τοίνυν
1582 1440 1743 1507 οὕτω
1791 1445 2022 1525 σεμνὸν
2059 1443 2132 1523 ἦν
2166 1444 2243 1510 τὸ

360 1623 603 1675 Dinarch.
630 1638 690 1691 fic.
735 1624 949 1685 Aristog.
999 1638 1127 1675 vere.
1179 1624 1269 1674 fin.
1320 1623 1400 1686 (de
1439 1624 1615 1672 eodem
1659 1624 1917 1685 Arthmio)
1951 1627 2140 1684 κομίσαι
2182 1627 2244 1674 τὰ

362 1693 557 1752 χρυσίον
579 1692 630 1738 ἐκ
670 1692 864 1748 Μήδων.
941 1688 1038 1737 Sed
1076 1687 1150 1735 ibi
1186 1691 1336 1749 φασιν
1375 1688 1632 1749 praecedit
1671 1692 1721 1736 et
1764 1692 1899 1736 recte
1936 1694 1966 1717 ‘⁶
1985 1689 2241 1750 significat

363 1762 532 1803 notum
557 1752 738 1802 illud.’'
788 1753 935 1800 Infra
955 1751 1092 1800 idem
1110 1751 1354 1802 Dinarch.
1383 1756 1656 1815 γράψαντες
1679 1752 2129 1815 διαῤῥήδην...·...ὅτι
2148 1755 2236 1802 τὸν

364 1821 418 1867 ἐκ
458 1820 635 1877 Μήδων
673 1817 848 1878 χρυσὸν
889 1820 1033 1866 κ.τ.λ.
1075 1819 1153 1878 [ut
1192 1815 1425 1866 Aeschin.
1458 1816 1573 1880 (bis)
1596 1817 1653 1865 τὰ
1685 1821 1739 1865 ἐκ
1774 1820 1953 1876 Μήδων
1997 1820 2227 1880 χρυσίον].

362 1881 536 1930 Potuit
569 1881 598 1941 ἡ
625 1885 783 1940 στήλη
817 1880 983 1928 dicere
1008 1885 1120 1938 (τῶν
1155 1884 1451 1942 γραμμάτων
1478 1882 1792 1943 λεγόντων)
1827 1882 1910 1928 τὸν
1952 1900 2030 1943 χρ.
2061 1884 2146 1930 τὸν
2187 1885 2244 1930 ἐκ

362 1949 456 1994 τῶν
474 1950 525 2009 β.
560 1946 640 1994 vel
673 1945 758 1993 τὸν
781 1949 832 1993 ἐκ
861 1948 955 1993 τῶν
985 1949 1035 2008 β.
1076 1963 1173 2007 χρ.,
1212 1946 1292 1993 τόν
1329 1963 1408 2004 χρ.
1445 1947 1499 1993 ἐκ
1532 1949 1625 1993 τῶν
1650 1949 1702 2009 β.
1736 1959 1841 1992 non
1868 1946 2049 2005 potuit.
2121 1946 2237 1994 Hoc

363 2026 530 2058 rumor
561 2009 728 2071 potuit
762 2008 1176 2070 loqui—madar
1196 2009 1252 2057 F.
1286 2008 1334 2058 S.
1352 2009 1408 2058 Y.
1435 2009 1492 2069 Q.
1524 2009 1581 2058 Ο.
1612 2024 1651 2059 r.
1681 2010 1716 2058 t.
1747 2023 1796 2057 u.
1825 2023 1871 2058 V.
1925 2009 2069 2056 Infra
2091 2012 2235 2072 ἐργά-

364 2093 500 2125 σεται
538 2074 586 2124 S.
622 2074 681 2123 Y.
721 2072 799 2123 Al.
840 2077 892 2121 et
923 2087 998 2134 pr.
1039 2073 1088 2122 k.
1159 2075 1425 2135 ἐργάσηται
1453 2074 1618 2134 vulgO,
1648 2073 1782 2133 quod
1811 2087 2053 2133 super-scr.
2091 2073 2147 2121 in
2184 2074 2236 2125 S.

365 2191 580 2247 ἀδικήσει
601 2187 658 2238 F.
691 2186 738 2236 S.
779 2186 837 2236 Y.
866 2187 917 2234 k.
940 2185 1018 2237 A1.
1082 2150 1295 2245 ἀδικήέει
1317 2200 1357 2236 Β.
1423 2188 1623 2247 ἀδικήσῃ
1642 2186 1806 2247 vulgo.

459 2252 624 2312 5309.
701 2252 883 2300 πόλεως
925 2250 973 2300 k.
1028 2251 1145 2300 Vid.
1192 2250 1418 2311 Thucyd.
1465 2265 1521 2300 11.
1570 2252 1629 2299 15
1676 2253 1891 2298 καλεῖται
1897 2288 2013 2300 ......
2018 2251 2051 2310 ἡ
2103 2251 2243 2314 ἀκρό-

365 2321 503 2367 πολις
543 2319 687 2376 μέχρι
724 2316 859 2364 τοῦδε
896 2317 969 2364 ἔτι
1009 2314 1089 2363 ὑπ’
1134 2317 1396 2373 ’Δθηναὶων
1436 2315 1587 2364 πόλις.
1653 2314 1802 2374 Apud
1835 2313 2241 2364 Demosthenem

364 2386 538 2430 tamen
562 2379 703 2428 πόλις
725 2379 796 2427 sic
835 2382 1139 2439 usurpatum
1164 2393 1270 2426 non
1292 2378 1709 2428 memini—&x
1739 2380 1890 2436 δεξιᾶς
1935 2378 1984 2428 S.
2013 2379 2071 2428 Y.
2100 2380 2157 2440 Q.
2183 2381 2235 2432 k.

366 2460 404 2496 Β.
434 2445 512 2495 Al.
554 2444 681 2504 δεξιᾶ
701 2458 751 2493 u·
794 2446 842 2492 έν
865 2443 993 2505 δεξιᾷ
1012 2444 1175 2504 vulgo,
1313 2445 1376 2492 τὰ
1399 2446 1628 2505 χρήματα
1658 2442 1854 2506 [ταῦτα]
1875 2443 2039 2492 DOBR.

365 2618 548 2665 σιλέως.
655 2614 748 2663 See
802 2614 909 2662 also
957 2613 1141 2662 Aesch.
1189 2612 1252 2661 de
1346 2617 1602 2664 -ὅπως
1638 2613 1796 2675 ἔτυχε,
1837 2628 1869 2662 a
1903 2613 2246 2675 euphemiam.

365 2682 547 2728 Geron.
571 2683 597 2740 5
620 2680 714 2727 258
736 2693 786 2740 p.
829 2680 891 2727 90
929 2678 1164 2729 St.=647
1187 2678 1248 2726 R.
1352 2679 1440 2739 Cp.
1485 2679 1615 2727 Plat.
1660 2678 1809 2739 Gorg.
1853 2679 1949 2726 514
1987 2679 2032 2726 E
2079 2683 2247 2728 πολλὰ

363 2742 607 2792 Dinarch.
632 2758 675 2790 c.
699 2742 912 2802 Aristog.
942 2743 1053 2802 §24
1074 2756 1124 2802 p.
1156 2742 1251 2790 108
1297 2741 1303 2747 '
1351 2746 1438 2802 μὲν
1480 2746 1631 2792 ὅπως
1664 2745 1951 2803 ἐτύχομεν
1993 2746 2248 2801 ποιῆσαι

1644 828 1716 906 νὴ
1747 828 1855 893 Δί’
1886 827 2034 893 ἀλλ’
2066 826 2237 901 ὅπως
2260 858 2400 915 309

367 2809 551 2857 8.--90
588 2808 648 2855 Β.
784 2810 927 2855 ἄλλος
971 2807 1255 2868 ἀνθρώπων]

364 2873 496 2919 from
528 2871 597 2919 ite
633 2871 922 2931 opposition
954 2872 1009 2917 to
1040 2873 1135 2918 τῶν
1168 2889 1252 2917 πο·

366 2937 520 2995 λιτῶν,
555 2949 756 2983 means:
811 2939 840 2962 “
858 2949 924 2982 an
958 2933 1254 2981 inhabitant

366 3000 419 3048 of
441 2999 654 3047 another
677 3000 942 3060 country.”
980 2998 1073 3047 See
1094 3002 1120 3058 5
1139 2999 1248 3047 351.

429 3065 588 3124 5309.
655 3066 712 3121 νὴ
751 3064 824 3110 Δί’
866 3062 1062 3123 ἀλλ’...]
1103 3062 1254 3110 “Yes

367 3128 476 3186 but,
505 3127 547 3174 it
582 3126 685 3174 will
721 3126 782 3174 be
812 3126 1015 3185 argued,
1038 3125 1144 3173 this
1177 3126 1254 3173 in·

367 3191 611 3253 scription
642 3190 817 3238 stands
850 3188 1115 3252 anywhere
1141 3190 1191 3249 (i.
1208 3204 1255 3239 e.

366 3257 409 3304 it
430 3255 477 3303 is
499 3255 592 3302 left
624 3255 682 3301 in
711 3268 853 3302 some
885 3255 1093 3301 obscure
1113 3267 1257 3301 room

369 3335 425 3367 or
458 3317 622 3377 other,
656 3318 916 3378 neglected
959 3318 1059 3365 and
1093 3332 1256 3365 unno-

373 3382 505 3432 ticed
550 3382 617 3444 by
660 3382 977 3445 everybody).
1045 3381 1126 3428 On
1169 3382 1260 3429 the

371 3445 738 3507 contrary...its
794 3448 937 3507 place
990 3444 1036 3493 is
1090 3445 1259 3493 beside

371 3511 462 3558 the
503 3510 689 3556 bronze
743 3512 925 3566 statue,
980 3509 1070 3557 the
1123 3510 1260 3570 large

372 3576 540 3621 statue
563 3573 615 3619 os
647 3571 923 3620 Minerva.”
980 3573 1073 3622 See
1112 3577 1138 3633 5
1172 3576 1251 3623 29.

371 3638 473 3685 For
515 3638 572 3695 νὴ
610 3639 703 3684 Δία
763 3649 846 3683 see
902 3639 957 3696 55
991 3638 1098 3697 174,
1152 3638 1263 3685 246.

1355 2810 1371 2868 (
1384 2828 1427 2848 =
1441 2808 1680 2869 ἁμαρτεῖν)
1692 2810 1856 2855 πολλὰ
1865 2810 1915 2854 δὲ
1924 2809 2245 2868 κατορθῶσαι,

1353 2871 1478 2919 Eur.
1532 2871 1740 2931 Hippol.
1785 2871 1878 2919 929
1927 2874 2015 2929 τὴν
2054 2873 2140 2929 μὲν
2181 2875 2246 2920 δι-

1355 2938 1505 2994 καίαν,
1533 2938 1621 2993 τὴν
1660 2938 1700 2983 δ’
1737 2938 1887 2984 ὅπως
1920 2937 2250 2995 ἐτύγχανεν

1356 3006 1428 3061 (=
1449 2995 1643 3061 ἄδικὸν).
1754 2998 1821 3048 So
1875 3001 2002 3048 ὅπως
2054 3001 2251 3048 ἐδύνατο

1355 3063 1496 3122 5279
1532 3064 1653 3125 (any
1688 3063 1791 3110 how
1826 3064 1885 3110 he
1908 3063 2089 3122 could).
2144 3063 2251 3111 For

1355 3126 1444 3175 the
1463 3126 1739 3186 repetition
1760 3126 1814 3173 of
1835 3125 1923 3174 the
1946 3126 2136 3184 article,
2162 3140 2250 3175 see

1356 3205 1425 3238 on
1476 3193 1503 3250 5
1556 3190 1881 3240 29.--τ6τε
1931 3193 2023 3248 μὲν
2074 3191 2251 3254 τοίνυν]

1357 3253 1599 3304 Schaefer
1653 3253 1836 3302 directe
1890 3253 2145 3302 attention
2192 3257 2251 3303 to

1357 3319 1449 3366 the
1509 3317 1721 3379 particle
1772 3320 1929 3367 τοίνυν
1985 3317 2251 3379 recurring

1358 3382 1522 3430 thrice
1550 3382 1607 3429 in
1629 3381 1772 3430 three
1794 3382 2112 3430 consecutive
2135 3396 2251 3431 sen·

1358 3448 1550 3504 tenceS,
1574 3445 1676 3494 and
1698 3459 1956 3507 compares
1977 3445 2039 3494 de
2062 3447 2251 3496 Ceron.

1359 3524 1409 3571 Ρ.
1458 3511 1554 3561 317
1603 3513 1658 3570 §5
1710 3511 1822 3567 274,
1878 3511 1989 3561 275.
2055 3511 2106 3557 It
2153 3510 2254 3559 has

1360 3574 1566 3634 already
1621 3574 1746 3621 been
1807 3573 2072 3621 remarked
2135 3574 2254 3623 that

1361 3643 1512 3687 τοίνυν
1525 3639 1570 3686 is
1592 3638 1717 3685 used
1730 3638 1893 3686 either
1922 3641 1975 3686 in
1995 3640 2255 3687 continua-

2614 1882 2648 1931 ᾹἎ
