2667 4142
386 234 509 295 180
997 230 1636 297 DEMOSTHENIS

382 389 453 452 ἐκ
495 390 619 453 τῶν
664 386 832 454 ἰδίων
874 386 1198 454 τοσούτων
1239 387 1589 477 χρημάτων
1629 387 1918 462 λύεσθαι,
1957 384 2155 475 μικρὰ
2195 386 2252 453 δ’
2650 386 2653 477 1

382 488 596 571 ἀξιοῦν
624 489 800 575 παρὰ
836 490 1071 554 τούτων
1115 490 1398 577 αἰσχρῶς·
1425 488 1559 570 μετ’
1592 489 1825 578 ἔχθρας
1853 490 2249 570 λαμβάνεινς

249 615 357 671 223
384 592 496 657 οὐκ
553 593 693 658 ἔστι
749 599 966 668 ταῦτα,
1027 592 1175 657 ἀλλ’
1237 593 1609 676 ἀπήνγεγειλα
1663 593 1779 676 μὲν
1837 592 2084 674 τάληθῆ
2143 593 2250 657 καὶ
2279 607 2408 679 246

383 692 762 782 ἀπεσχόμην
803 699 917 759 τοῦ
957 696 1188 772 λαβεῖν
1229 699 1345 759 τοῦ
1388 693 1632 759 δικαίου
1673 694 1778 759 καὶ
1807 697 1916 774 τῆς
1954 693 2250 773 ἀληθείας

383 795 562 860 ἕνεκα
619 796 726 860 καὶ
783 800 896 860 τοῦ
950 799 1185 860 λοιποῦ
1240 794 1408 873 βίου,
1470 796 1747 877 νομίζων,
1796 791 2013 878 ὥσπερ
2056 793 2249 860 ἄλλοι

381 897 562 983 τινές,
603 897 752 983 παρ’
783 896 925 976 ὑμῖν
967 898 1072 962 καὶ
1117 897 1299 966 αὐτὸς
1343 895 1428 961 ὧν
1463 895 1734 976 ἐπιεικὴς
1764 895 2244 976 τιμηθήσεσθαι,

381 1001 486 1065 καὶ
527 999 638 1065 οὐκ
677 999 1147 1065 ἀνταλλακτέον
1186 998 1345 1064 εἶναί
1383 1025 1491 1078 μοι
1533 1000 1649 1079 τὴν
1688 997 1844 1083 πρὸς
1874 998 2032 1081 ὑμᾶς
2063 1006 2247 1084 φιλο-

323 1154 329 1156 ψ
379 1102 594 1183 τιμίαν
623 1102 861 1172 οὐδενὸς
890 1100 1157 1184 κέρδους·
1190 1105 1364 1183 μισῶ
1385 1100 1451 1165 δὲ
1472 1100 1744 1179 τούτους,
1771 1098 1869 1164 ὅτι
1889 1098 2246 1187 μοχθηροὺς
2272 1129 2398 1186 247

380 1206 487 1270 καὶ
523 1207 683 1274 θεοῖς
728 1204 987 1294 ἐχθροὺς
1025 1202 1186 1268 εἶδον
1225 1206 1292 1267 ἐν
1325 1206 1404 1286 τῇ
1434 1202 1770 1290 πρεσβείᾳ,
1802 1203 1909 1267 καὶ
1939 1199 2244 1286 ἀπεστέρ-

379 1333 535 1390 ημαι
564 1309 670 1372 καὶ
707 1313 831 1373 τῶν
876 1306 1045 1371 ἰδίων
1083 1309 1461 1389 φιλοτιμιῶν
1502 1305 1607 1370 διὰ
1641 1304 1754 1384 τὴν
1793 1304 2027 1369 τούτων
2057 1304 2244 1390 δωρο-

380 1409 592 1475 δοκίαν
629 1409 784 1497 πρὸς
823 1407 977 1489 ὅλην
1015 1406 1334 1494 δυσχερῶς
1375 1407 1544 1493 ὑμῶν
1589 1407 1704 1487 τὴν
1753 1405 2106 1489 πρεσβείαν
2140 1408 2245 1470 ἐσ-

379 1511 683 1594 χηκότων·
714 1514 1040 1594 κατηὙορῶ
1071 1509 1137 1573 δὲ
1156 1509 1288 1575 νυνὶ
1318 1510 1423 1573 καὶ
1455 1509 1560 1573 ἐπὶ
1589 1508 1700 1577 τὰς
1730 1506 1980 1577 εὐθύνας
2008 1504 2140 1587 ἥκω
2170 1506 2244 1573 τὸ

375 1615 617 1693 μέλλον
645 1611 1093 1697 προορώμενος,
1127 1612 1233 1677 καὶ
1276 1611 1661 1693 ,Βουλόμενος
1699 1609 1896 1692 ἀγῶνι
1935 1611 2041 1676 καὶ
2071 1609 2241 1674 δικα-

378 1715 615 1800 στηρίῳ
643 1740 752 1797 μοι
791 1714 1121 1800 διωρίσθαι
1159 1711 1310 1799 παρ’
1342 1712 1485 1795 ὑμῖν
1517 1710 1613 1777 ὅτι
1641 1712 1942 1778 τάναντία
1970 1712 2106 1793 ἐμοὶ
2134 1711 2241 1776 καὶ

241 1826 355 1909 324
379 1816 617 1885 τούτοις
660 1817 1036 1901 πέπρακται.
1119 1816 1225 1883 καὶ
1282 1816 1544 1890 δέδοικα,
1599 1815 1844 1880 δέδοικα
1901 1813 2239 1902 (εἰρήσεται
2267 1818 2399 1887 248

225 1929 344 1988 411
375 1915 495 2002 «γὰρ
535 1914 546 2002 Ι
582 1915 768 1982 πάνθ’
801 1915 843 1980 ἃ
880 1920 1087 2003 φρονῶ
1131 1916 1286 2000 πρὸς·
1322 1915 1501 1999 ὑμᾶς)
1544 1915 1632 1998 μὴ
1673 1916 1817 1980 τότε
1856 1915 1971 1997 μὲν
2001 1914 2242 1984 τούτοις

478 2111 639 2171 (5246.
706 2112 830 2160 Post
867 2111 1230 2175 τιμηθήσεσθαι,
1285 2114 1366 2160 καὶ
1414 2115 1561 2161 πλέον
1600 2115 1715 2172 ἕξειν
1753 2115 1847 2161 τῶν
1883 2114 2077 2161 πολλῶν
2116 2116 2242 2163 κατὰ

375 2178 517 2224 τοῦτο
539 2175 650 2224 add.
689 2176 736 2225 k.
766 2191 807 2224 r.
837 2191 878 2223 s·
901 2180 1024 2224 vett.
1059 2176 1188 2225 Edd.
1262 2182 1293 2203 ‘⁴
1312 2177 1411 2224 Vix
1433 2177 1671 2224 damnem
1692 2176 1818 2224 haec
1840 2177 2020 2226 verba:
2065 2176 2237 2224 viden·

372 2242 555 2300 turque
599 2240 779 2300 quibus
822 2240 880 2287 in
924 2240 1070 2287 libris
1115 2239 1299 2287 desunt
1344 2241 1407 2289 ob
1454 2240 1897 2289 homoeoteleuton
1946 2240 2237 2301 excidisse,''

375 2303 586 2354 Scnffl.
655 2304 878 2362 Habent,
903 2307 962 2352 ut
983 2304 1196 2365 videtur,
1226 2304 1307 2353 Al.
1331 2305 1412 2354 A2.
1438 2307 1488 2353 et
1510 2304 1750 2353 Lambini
1772 2319 1966 2353 omnes.

469 2434 495 2492 g
517 2432 626 2482 247.
699 2412 777 2480 κίκι
807 2412 887 2491 μοί
921 2410 1203 2493 δικῖἱστηριῳ
1238 2432 1290 2481 S.
1323 2432 1525 2480 lineolis
1548 2430 1739 2480 ordinis
1760 2430 2079 2493 restituendi,
2108 2446 2242 2494 quae

375 2495 498 2544 alibi
519 2511 625 2543 non
646 2511 761 2544 raro
784 2511 814 2544 a
835 2511 910 2558 pr.
940 2511 1009 2543 m.
1035 2499 1171 2554 sunt,
1194 2496 1280 2544 hic
1303 2511 1347 2546 a.
1369 2511 1439 2543 m.
1462 2511 1559 2544 rec.
1582 2496 1852 2557 impositis,

469 2562 623 2620 §248
693 2562 814 2609 Post
857 2559 984 2618 τότε,
1011 2578 1072 2620 με
1104 2578 1181 2622 γρ.
1211 2561 1260 2611 S.
1301 2561 1489 2609 omisso
1521 2574 1641 2608 mox
1674 2560 1993 2621 pronomine.
2056 2560 2243 2612 τούτοις

373 2744 557 2793 should
577 2746 669 2792 not
697 2744 828 2792 have
851 2745 1040 2806 spoken
1071 2745 1248 2794 doubt-

372 2809 736 2869 ingly.——xal
762 2812 868 2859 τοὺς
889 2813 973 2867 μὲν
1003 2813 1124 2872 αἰχμ
1128 2848 1244 2860 ......

372 2871 638 2934 λαμβάνειν
654 2872 688 2935 ς]
739 2872 905 2920 “And
930 2888 998 2920 on
1030 2875 1119 2922 the
1154 2889 1249 2922 one

371 2937 512 2985 hand
554 2938 608 2983 to
651 2951 856 2984 ransom
896 2936 985 2984 the
1024 2938 1247 2998 captives

372 3003 461 3048 out
484 3001 538 3048 of
565 3015 652 3061 my
675 3014 784 3047 own
814 3015 1071 3049 resources
1105 3004 1159 3049 at
1190 3016 1246 3048 so

370 3066 506 3125 large
549 3079 580 3121 a
616 3063 771 3125 price,
804 3065 906 3112 and
937 3068 1023 3126 yet
1057 3080 1124 3112 on
1158 3065 1246 3113 the

371 3128 518 3176 other
564 3131 619 3176 to
663 3131 837 3188 expect
873 3131 925 3176 to
971 3131 1162 3177 receive
1217 3143 1248 3176 a

371 3194 521 3241 small
554 3207 668 3241 sum
713 3192 1066 3253 disgraeefully
1110 3194 1242 3240 from

371 3257 526 3317 them,
564 3256 920 3319 aecompanied
952 3256 1075 3306 with
1112 3257 1246 3305 their

368 3321 649 3382 hostility.”

436 3386 598 3444 5246.
666 3386 743 3432 καὶ
781 3383 862 3433 οὐκ
891 3382 1245 3434 ἀνταλλακτέον

369 3449 536 3510 κ.τ.λ.]
573 3455 603 3476 “
623 3448 738 3496 And
773 3449 887 3496 that
920 3450 946 3495 Ι
969 3449 1128 3509 ought
1153 3452 1244 3497 not

367 3515 421 3560 to
444 3513 614 3560 barter
635 3526 721 3573 my
744 3512 977 3560 laudable
994 3513 1242 3560 ambition

368 3575 471 3624 and
508 3575 680 3636 public
712 3576 860 3635 spirit
900 3576 1116 3625 towards
1143 3592 1244 3639 you

366 3640 445 3687 for
468 3653 569 3699 any
590 3638 755 3700 gain.'’

430 3703 573 3767 §247
587 3742 592 3747 .
656 3704 748 3751 τᾶν
782 3705 906 3751 ἰδίων
946 3706 1247 3770 φιλοτιμιῶν]

1365 2745 1474 2793 The
1528 2745 1702 2793 effects
1744 2744 1995 2807 (rewards)
2047 2744 2101 2792 of
2150 2759 2244 2808 my

1362 2809 1533 2870 public
1568 2809 1716 2869 spirit
1760 2808 1863 2856 and
1904 2808 2081 2856 liberal
2120 2823 2239 2858 con-

1363 2874 1482 2921 duct
1539 2870 1784 2935 (alluding
1825 2872 2043 2933 perhaps
2095 2887 2242 2923 more

1361 2937 1633 2998 especially
1652 2940 1706 2985 to
1727 2936 1811 2985 his
1833 2951 2039 2985 ransom
2060 2937 2114 2984 of
2146 2937 2239 2987 the

1361 3001 1598 3061 captives,
1614 3015 1697 3049 see
1718 3001 1835 3062 §44,
1854 3001 1946 3047 but
1965 3000 2023 3048 in
2045 3015 2075 3049 a
2094 3015 2239 3050 more

1360 3064 1978 3176 ssfiffiffhfiffiivisssetmssssz
2023 3064 2244 3192 {033003}

1362 3194 1554 3250 thanks,
1576 3194 1655 3240 the
1680 3195 1892 3252 banquet
1923 3194 1981 3240 in
2004 3195 2083 3240 the
2105 3194 2235 3255 Pry-

1362 3264 1557 3304 taneum
1597 3258 1644 3317 (ς
1669 3258 1749 3314 35,
1775 3260 1801 3315 ἓ
1827 3255 1929 3318 36),
1954 3254 2056 3303 and
2085 3256 2235 3305 other

1357 3320 1583 3368 honours
1604 3322 1810 3380 present
1837 3320 1938 3367 and
1960 3320 2144 3378 future,
2174 3320 2235 3369 in

1359 3399 1700 3444 consequence
1723 3384 1775 3430 of
1795 3383 1882 3431 the
1901 3384 2100 3443 general
2124 3399 2233 3431 sus-

1357 3448 1525 3508 picion
1546 3448 1650 3495 and
1672 3447 1864 3508 disgust
1885 3447 2047 3495 under
2065 3447 2236 3498 which

1358 3512 1446 3560 the
1480 3526 1666 3572 envoys
1720 3513 1805 3573 lay
1838 3511 2002 3571 owing
2054 3513 2109 3559 to
2140 3512 2233 3560 the

1358 3577 1555 3636 bribery
1590 3575 1691 3623 and
1725 3576 2019 3636 corruption
2060 3575 2113 3623 of
2140 3576 2234 3625 the
2321 3592 2328 3597 ·

1357 3643 1552 3701 greater
1573 3643 1687 3700 part
1709 3640 1764 3687 of
1784 3639 1919 3687 their
1939 3639 2085 3699 body.

1417 3706 1527 3756 411.
1563 3708 1590 3767 ,ξ
1616 3706 1726 3752 248.
1794 3706 1827 3731 “
1844 3703 1969 3753 Lest
2006 3703 2233 3753 whereas
