2667 4142
750 222 868 286 DE
926 220 1211 286 FALSA
1263 220 1792 287 LEGATIONE.
2089 221 2209 285 209

336 371 535 455 γέλως
567 371 705 438 ἐστὶ
733 378 1101 494 κατηγορεῖν
1136 373 1371 439 ἐκείνου
1408 373 1666 440 τουτονί.
1755 372 1876 457 ἐνγῶ
1903 373 2024 461 γὰρ
2053 373 2211 438 Alo·-
2234 392 2349 449 333

336 472 523 559 χίνην
551 470 788 542 οὐδενὸς
815 474 1112 555 αἰτιῶμαι
1143 475 1267 539 τῶν
1295 474 1363 538 ἐν
1392 476 1481 559 τῷ
1508 472 1769 558 πολέμῳ
1798 473 2211 561 πραχθέντων

341 575 604 658 (τούτων
633 573 756 661 «γάρ
786 576 948 640 εἰσιν
985 573 995 661 Ι
1032 574 1095 639 οἱ
1134 575 1484 661 στρατηγοὶ
1525 574 1878 659 ὑπεύθυνοι)
1923 574 2059 643 οὐδὲ
2098 581 2210 642 τοῦ
2230 594 2357 670 448

332 676 731 757 ποιήσασθαι
760 678 874 758 τὴν
901 677 1094 740 πόλιν
1122 677 1382 759 εἰρήνην,
1408 676 1553 741 ἀλλ’
1588 674 1742 766 ἄχρι
1773 675 1994 743 τούτου
2022 675 2208 741 πάντ’

180 798 306 870 383
335 779 579 865 ἀφίημι.
664 783 733 845 τί
766 778 876 844 οὖν
913 778 1083 861 λέγω
1123 778 1228 843 καὶ
1269 779 1535 844 πόθεν”
1490 806 1772 868 αρχομαι
1801 785 2207 865 κατηγορεῖν·
2192 830 2207 858 ,

333 887 445 948 τοῦ
473 881 843 960 ποιουμένης
882 885 993 961 τῆς
1026 878 1269 949 πόλεως
1307 880 1553 966 εἰρήνην
1590 882 1975 968 Φιλοκράτει
2005 906 2208 945 συνει·

331 988 493 1063 πεῖν,
543 983 716 1048 ἀλλὰ
758 984 844 1064 μή
902 987 1030 1052 τοῖς
1075 980 1158 1044 τὰ
1199 983 1522 1060 βέλτιστα
1563 983 1900 1067 γράφουσι,
1946 983 2053 1045 καὶ
2096 986 2209 1046 τοῦ

332 1085 501 1171 δῶρα
559 1087 905 1171 εἰληφέναι,
964 1090 1077 1151 τοῦ
1132 1086 1295 1169 μετὰ
1351 1089 1549 1151 ταῦτα
1608 1086 1714 1151 ἐπὶ
1774 1092 1884 1165 τῆς
1940 1084 2207 1168 ὑστέρας

330 1188 680 1274 πρεσβείας
739 1187 876 1256 τοὺς
936 1187 1200 1276 χρόνους
1251 1193 1649 1273 κατατρῖψαι
1707 1188 1815 1252 καὶ
1870 1187 2063 1268 μηδὲν
2125 1185 2210 1251 ὧν

331 1291 751 1376 προσετάξαθ’
783 1292 953 1373 ὑμεῖς
991 1294 1280 1371 ποιῆσαι,
1321 1294 1433 1354 τοῦ
1467 1291 1806 1376 φενακίσαι
1843 1288 1957 1370 τὴν
1995 1289 2204 1378 πᾷλιν,

331 1395 438 1458 καὶ
477 1393 986 1479 παραστήσαντα
1035 1391 1318 1471 ἐλπίδας,
1362 1392 1442 1461 ὦς
1482 1391 1605 1457 ὅσα
1646 1391 1988 1473 βουλόμεθ’
2032 1391 2207 1474 ἡμεῖς
2275 1423 2281 1429 ·

332 1501 664 1570 Φίλιππος
693 1500 936 1584 πράξει,
961 1497 1145 1563 πάντ’
1178 1498 1666 1575 ἀπολωλεκέναι,
1697 1503 1808 1565 τοῦ
1829 1499 1990 1581 μετὰ
2010 1500 2205 1580 ταῦθ’,

333 1602 557 1689 ἑτέρων
602 1604 1043 1688 προλεγόντων
1077 1601 1519 1687 φυλάττεσθαι
1554 1601 1660 1667 τὸν
1686 1604 1969 1666 τοσαῦτα
1995 1600 2206 1683 ἠδικη-

183 1725 263 1796 38
270 1742 306 1793 4
332 1705 504 1783 κᾶτα,
562 1709 783 1769 τοῦτον
841 1706 1050 1789 ἐκείνῳ
1109 1708 1491 1792 συνηγορεῖν.
1598 1707 1799 1768 ταῦτα
1855 1706 2197 1789 κατηγορῶ,
2229 1726 2344 1780 334

333 1810 533 1872 ταῦτα
579 1806 915 1888 μέμνησθε,
964 1807 1102 1873 ἐπεὶ
1148 1806 1395 1872 δικαίαν
1449 1804 1694 1892 εἰρήνην
1739 1806 1848 1871 καὶ
1904 1806 2050 1886 ἴσην
2099 1807 2205 1872 καὶ

428 1972 586 2030 ἓ383.
651 1971 748 2018 Pro
781 1971 990 2032 ὑστέρας,
1015 1972 1236 2032 ὑμετέρας
1267 1972 1306 2020 ι.
1333 1984 1386 2017 u.
1408 1984 1454 2019 v.
1494 1969 1552 2019 B.
1589 1970 1711 2017 vett.
1754 1968 1854 2017 Ed.
1921 1967 2001 2016 An
2041 1970 2204 2030 ἐτέρας

337 2034 607 2083 voluerunt
624 2038 645 2081 ἲ
775 2039 1065 2097 κατατρῖψαι
1097 2035 1261 2084 ΒΕΚΚ.
1311 2033 1563 2081 “Rectius
1597 2036 1903 2096 κατατρῖψαι.
1954 2032 2015 2080 V.
2042 2034 2204 2080 Draco

336 2098 604 2146 Stratonie.
627 2113 677 2159 p.
703 2100 783 2156 87,
818 2100 893 2147 11.
924 2101 1000 2146 s.”
1069 2098 1283 2147 Semnr.
1351 2100 1643 2160 κατατρῖψαι
1665 2096 1919 2144 EditoreS.
2005 2094 2202 2155 [anz.

341 2163 433 2224 st.]
486 2162 890 2224 παραστήσαντας
926 2176 1001 2223 pr.
1043 2162 1095 2211 S.
1162 2161 1544 2224 παραστήσαντα
1582 2165 1669 2210 τὰς
1706 2160 1761 2210 Y.
1794 2160 1853 2208 Ο.
1887 2162 1925 2209 t.
1949 2175 1999 2210 υ..
2039 2175 2087 2209 v.
2123 2163 2202 2209 uti

336 2227 470 2287 vulg.
521 2229 642 2275 ante
699 2226 879 2275 Rmsx.
939 2225 1343 2299 παραστήσαντας
1396 2226 1537 2287 [fort.
1594 2239 1862 2286 operarum
1904 2224 2076 2289 eulpa]
2119 2228 2204 2274 τὰς

333 2289 508 2338 Ἶοιω.

429 2355 584 2414 ξ384.
651 2353 753 2403 ἐπεὶ
777 2357 819 2401 εἰ
855 2357 943 2403 δικ.
983 2357 1067 2416 εἷρ.
1106 2356 1259 2414 ἐώρων
1291 2356 1370 2402 καὶ

336 2420 489 2480 ἐώρων
528 2433 628 2468 om.
670 2433 849 2467 omnes
889 2418 1197 2466 Bekkeriani
1232 2418 1407 2482 (habet
1443 2431 1539 2467 ree.
1575 2416 1646 2476 k.)
1685 2414 1763 2466 Al.
1799 2416 1860 2466 B.

336 2580 493 2642 speak
508 2581 562 2629 of
577 2579 698 2628 with
715 2595 814 2641 any
828 2578 1004 2640 degree
1018 2580 1072 2628 of
1088 2594 1221 2629 eom-

335 2644 648 2693 mendation.
779 2647 857 2692 καὶ
871 2645 992 2693 οὕτω
998 2682 1112 2694 ......
1118 2663 1223 2693 του-

336 2709 464 2772 τονί]
500 2714 530 2737 “
544 2709 690 2756 Even
721 2708 777 2754 in
805 2707 920 2755 that
952 2722 1066 2757 ease
1096 2708 1224 2756 then

337 2773 379 2821 it
393 2773 439 2821 is
453 2772 809 2833 superlatively
822 2772 1096 2820 ridiculous
1109 2772 1223 2820 that

337 2852 368 2885 a
401 2836 584 2896 eharge
616 2835 799 2883 should
830 2836 891 2884 be
923 2836 1142 2896 brought
1176 2850 1224 2884 a·

335 2900 506 2961 gainst
536 2899 649 2947 him
680 2899 748 2961 by
769 2900 858 2948 the
891 2898 1220 2949 defendant.’'

337 2965 557 3012 Observe
588 2963 677 3011 the
710 2962 987 3011 admirable
1015 2963 1222 3012 colloca-

337 3029 446 3076 tion
468 3028 522 3075 of
542 3027 632 3075 the
653 3026 832 3075 words.

400 3092 512 3140 448.
537 3095 563 3152 §
585 3093 696 3139 383.
759 3093 1222 3153 τοῦ......συνειπεῖν]

335 3156 528 3216 Repeat
554 3157 685 3203 from
713 3158 857 3203 πόθεν
890 3158 952 3216 (=
966 3157 1061 3204 ἀπὸ
1083 3159 1222 3216 τινος)

339 3221 449 3269 ἀπό.
587 3223 663 3269 καὶ
691 3223 776 3268 τοῦ
804 3221 929 3280 δῶρα
961 3222 1223 3281 εἰληφέναι]

339 3288 416 3332 καὶ
438 3282 605 3331 which
621 3282 906 3344 displeased
922 3285 1102 3332 Markl.
1123 3285 1225 3331 and

340 3347 536 3397 Sehaef.
588 3362 750 3395 seems
800 3351 855 3394 to
908 3352 1112 3409 present
1155 3362 1224 3396 no

339 3411 614 3473 difficulty:
649 3415 735 3460 τοῦ
767 3415 1003 3460 συνειπεῖν
1037 3415 1127 3460 καὶ
1163 3415 1222 3460 εἰ·

339 3478 541 3535 ληφέναι
566 3477 665 3537 (the
687 3478 857 3536 votinq
879 3478 967 3538 sor
991 3477 1072 3525 the
1094 3491 1222 3524 mea·

337 3541 1223 3663 2²:223.152'22'2205ab‘22fffflssssd3‘03?

340 3665 588 3728 respondl
623 3667 749 3717 with
782 3669 867 3717 τοῦ
896 3670 1002 3718 τοὺς
1035 3667 1229 3731 χρόνους

1397 2353 1529 2413 vulg.
1564 2355 1685 2400 ante
1720 2352 1888 2400 anx.
1953 2352 2053 2401 Sed
2077 2356 2118 2401 εἰ
2150 2354 2201 2400 et

1930 2415 2053 2465 Mox
2094 2420 2202 2475 ἴσην

1319 2582 1612 2642 κατατρῖψαι
1654 2582 1747 2629 καὶ
1801 2581 1945 2639 μηδὲν
1988 2582 2201 2640 ποιῆσαι,

1320 2644 1424 2691 and
1444 2646 1529 2693 τοῦ
1553 2649 1802 2705 φενακίσαι
1834 2648 1927 2692 καὶ
1962 2646 2204 2706 παραστή-

1320 2726 1474 2757 σαντα
1522 2711 1717 2758 ἐλπίδας
1767 2707 1907 2757 πάντ’
1959 2707 2206 2758 ἀπολωλε·

1321 2775 1462 2821 κέναι.

1384 2839 1409 2894 ἓ
1443 2836 1554 2884 384.
1629 2839 1730 2885 ἐπεὶ
1787 2838 1969 2885 δικαίαν
2020 2855 2061 2886 κ.
2078 2856 2124 2885 τ.
2135 2838 2204 2898 λ.]

1320 2905 1351 2927 “
1367 2899 1466 2947 For
1489 2914 1519 2948 a
1540 2900 1646 2961 just
1669 2900 1770 2948 and
1791 2900 1886 2949 fair
1914 2915 2081 2961 peace,
2106 2900 2207 2949 and

1317 2977 1439 3011 men
1469 2964 1582 3011 who
1620 2963 1725 3012 had
1765 2968 1856 3012 not
1900 2963 2012 3012 sold
2042 2964 2206 3012 them-

1319 3028 1498 3084 selves,
1550 3042 1645 3075 nor
1700 3028 2057 3090 subsequently
2099 3027 2208 3076 told

1317 3091 1426 3148 hee,
1451 3092 1479 3139 Ι
1501 3092 1667 3139 would
1684 3105 1810 3139 even
1829 3092 1960 3139 have
1982 3092 2109 3141 been
2129 3092 2208 3140 in·

1319 3155 1486 3204 elined
1524 3158 1579 3203 to
1616 3158 1731 3203 vote
1769 3155 1958 3204 thanks
1995 3158 2064 3217 te,
2105 3155 2207 3204 and

1317 3218 1408 3266 bid
1427 3234 1528 3280 you
1543 3233 1709 3267 erown
1724 3219 1918 3268 them.”
1954 3219 2027 3268 To
2044 3236 2208 3269 eroum

1319 3298 1356 3331 a
1379 3299 1548 3345 peace,
1573 3298 1631 3330 or
1659 3298 1785 3332 even
1812 3286 1868 3332 to
1889 3292 1999 3333 vote
2024 3286 2205 3333 thanke

1322 3354 1371 3394 to
1388 3362 1422 3395 α
1436 3362 1590 3409 peace
1609 3346 1820 3409 (though
1836 3348 2075 3397 Schaefer
2087 3348 2207 3397 does

1318 3414 1409 3459 not
1433 3412 1596 3472 objeet
1617 3414 1672 3460 to
1695 3412 1783 3460 the
1804 3412 1980 3461 latter:
2015 3412 2043 3459 I
2065 3412 2129 3460 do
2149 3412 2207 3461 in

1320 3475 1425 3523 this
1462 3475 1689 3537 position
1731 3476 1784 3523 of
1817 3476 1998 3539 words)
2032 3475 2079 3524 is
2117 3480 2207 3528 not

1322 3552 1484 3598 sense,
1508 3540 1603 3588 but
1632 3539 1897 3599 aeeording
1927 3542 1981 3587 to
2004 3554 2034 3588 a
2058 3542 2207 3588 natu-

1318 3604 1395 3650 ral
1417 3602 1566 3651 mode
1583 3603 1637 3651 of
1651 3604 1943 3665 expression
1959 3603 2046 3652 the
2062 3605 2209 3653 verbs

1320 3682 1405 3717 are
1435 3667 1845 3716 weommodated
1871 3670 1925 3715 ιο
1945 3667 2037 3716 the
2058 3668 2210 3717 latter
