2667 4142
424 205 508 268 32
1037 198 1675 267 DEMOSTHENIS

423 357 503 428 ὥς
554 356 804 438 α’ληθῶς
854 355 938 421 τὰ
985 354 1401 443 πεπραγμένα
1449 358 1671 420 πᾶσιν·
1731 354 1787 421 εἰ
1831 355 1882 420 δ’
1933 356 1996 421 οἱ
2046 358 2163 440 μὲν
2211 357 2293 424 τὰ

421 458 634 524 δίκαια
670 459 984 538 ἔπραττον
1022 457 1213 538 ἡμῶν,
1246 456 1309 522 οἱ
1342 456 1409 522 δὲ
1439 457 1757 537 τάναντία,
1791 457 1895 523 διὰ
1920 459 2062 527 τοὺς
2089 486 2289 524 πεπο-

421 559 839 645 νηρευμένους,
887 558 966 629 ὥς
1011 559 1190 637 ἔοικε,
1235 564 1367 628 τοῖς
1410 559 1713 624 ἐπιεικέσι
1759 560 2165 640 συμβεβηκὸς
2210 559 2289 624 ἂν

317 682 390 739 33
420 664 511 742 εἴη
544 663 772 741 ταύτης
801 664 910 741 τῆς
940 660 1192 743 ἀτιμίας
1220 660 1696 749 μετεσχηκέναι.
1770 665 1904 731 πῶς
1933 661 2039 726 οὖν
2064 662 2288 749 ῥαδίως
2314 685 2389 742 37

417 767 651 835 πάντες
690 765 940 830 εἴσεσθε
977 764 1070 835 τίς
1099 764 1241 831 ποτ’
1274 764 1406 829 ἔσθ’
1438 765 1471 828 ὁ
1499 765 1802 851 πονηρός;
1850 765 2289 849 ἀναμνήσθητε

417 865 567 952 παρ’
599 866 741 948 ὑμῖν
784 865 993 936 αὐτοῖς
1035 869 1128 937 τίς
1174 867 1306 932 ἐσθ’
1354 865 1386 930 ὁ
1429 872 1793 954 κατηγορῶν
1836 874 1961 933 τῶν
2004 896 2287 954 πεπρινγ-

414 968 620 1054 μὲνων
664 970 736 1052 ἐξ
781 969 996 1059 α’ρχῆς.
1085 969 1278 1051 δῆλον
1327 970 1450 1053 *γὰρ
1502 969 1598 1036 ὅτι
1649 974 1738 1058 τῷ
1792 974 1909 1053 μὲν
1964 972 2288 1053 ἠδικηκότι

417 1076 609 1156 σιιγᾶν
645 1072 889 1159 ἐξήρκει
930 1071 1035 1136 καὶ
1074 1070 1583 1157 διακρουσαμένῳ
1612 1071 1719 1136 τὸν
1746 1072 2031 1158 παρόντα
2057 1073 2287 1161 χρόνον

415 1172 631 1258 μηκέτ’
664 1174 749 1245 εἷς
790 1173 987 1256 λό’γον
1027 1173 1173 1257 περὶ
1213 1175 1335 1235 τῶν
1372 1173 1829 1255 πεπραγμένων
1868 1173 2085 1239 ἑαυτὸν
2114 1174 2288 1239 καθι-

419 1276 665 1354 στάναι,
697 1280 787 1363 τῷ
829 1276 896 1341 δὲ
937 1273 1130 1357 μηδὲν
1174 1275 1377 1361 ἑαυτῷ
1414 1275 1724 1341 συνειδότι
1763 1274 1957 1341 δεινὸν
1992 1275 2202 1359 εἰσῄει,
2234 1275 2291 1341 εἰ

418 1367 632 1445 δεινῶν
669 1377 777 1443 καὶ
815 1381 1103 1461 πονηρῶν
1144 1377 1346 1464 ἔριγων
1383 1377 1545 1459 δόξει
1586 1383 1894 1443 κοινωνεῖν
1922 1381 2014 1463 τῷ
2043 1380 2288 1458 σιωπῆ-

418 1505 547 1544 σαι.
635 1479 761 1561 εἰμὶ
803 1479 1010 1544 τοίνυν
1039 1479 1071 1542 ὁ
1110 1482 1474 1565 κατηγορῶν
1517 1480 1588 1561 ἐξ
1629 1476 1828 1567 ἀρχῆς
1872 1478 1991 1564 εἰγῶ
2032 1478 2284 1555 τούτων,

418 1576 659 1644 τούτων
688 1577 740 1644 δ’
771 1576 966 1647 οὐδεὶς
998 1579 1162 1659 ἐμοῦ.

544 1679 634 1743 ‘H
677 1679 793 1759 μὲν
834 1681 1043 1745 τοίνυν
1084 1679 1293 1760 βουλὴ
1330 1684 1534 1747 ταῦτα
1571 1678 2131 1764 προβεβουλεύκει·
2176 1684 2286 1763 τῆς
2312 1693 2388 1766 38

420 1776 473 1844 δ’
504 1778 844 1859 ἐκκλησίας
884 1780 1248 1862 ’γυγνομένης
1292 1781 1400 1845 καὶ
1443 1785 1555 1846 τοῦ
1598 1782 1936 1846 Φιλίππου
1977 1778 2287 1866 παρόντος

420 1881 487 1946 ἐν
531 1880 776 1950 Πύλαις
818 1879 1097 1963 ἤδη-ἦν
1135 1880 1259 1967 «γὰρ
1304 1885 1489 1947 τοῦτο
1531 1885 1784 1968 πρῶτον
1825 1879 2122 1947 ἁπάντων
2162 1886 2289 1949 τῶν

317 1707 394 1764 34

519 2048 546 2105 ἓ
582 2046 660 2095 37.
727 2045 787 2093 ἂν
807 2045 925 2092 ante
949 2044 1282 2105 α’ναμνὴσθητε
1318 2045 1403 2107 (sc.
1443 2045 1793 2108 ἀναμνησθῆτε)
1842 2045 2134 2094 dubitanter
2167 2044 2286 2093 addi

420 2110 533 2157 vult
552 2109 715 2157 Dona.
782 2110 956 2169 Neque
976 2108 1031 2156 h.
1057 2109 1091 2157 l.
1116 2123 1244 2170 opus
1274 2112 1353 2158 est
1374 2110 1547 2157 addita
1561 2110 1828 2171 particula,
1858 2124 2023 2169 neque
2045 2123 2182 2170 supr.
2207 2113 2231 2169 ξ
2253 2109 2286 2156 4

421 2173 884 2223 deleta—&ewen
938 2174 1083 2234 εἰσῄει
1132 2175 1195 2235 εἰ]
1264 2173 1348 2221 Ita
1401 2174 1568 2222 Bnn.
1622 2175 1716 2221 loc.
1772 2173 1976 2221 refinxit
2020 2172 2085 2221 ad
2130 2172 2284 2221 Codd.

423 2238 475 2288 S.
501 2237 556 2297 Q.
586 2251 627 2284 r.
649 2251 688 2284 8.
712 2235 792 2286 Al.
881 2236 1031 2299 εἶσῃέι
1067 2237 1174 2285 sine
1214 2241 1256 2285 εἰ
1296 2236 1378 2285 A2.
1447 2238 1612 2285 Ceteri
1644 2237 1761 2285 libri
1806 2241 1847 2285 εἰ
1889 2236 2059 2297 σιγῴη.
2116 2237 2285 2285 Locus

421 2300 817 2349 emendatricem
833 2315 1044 2348 manum
1067 2301 1362 2349 etiamnunc
1384 2301 1585 2349 videtur
1618 2301 1918 2358 desiderare,
1946 2300 2082 2361 quod
2119 2301 2285 2360 arguit

419 2366 576 2414 etiam
598 2379 715 2412 cum
744 2367 933 2424 transp
960 2367 1173 2424 πονηρῶν
1193 2368 1269 2413 καὶ
1293 2366 1449 2413 δεινῶν
1478 2365 1536 2414 F.
1562 2365 1622 2425 Q.
1643 2365 1701 2414 O.
1724 2380 1766 2413 r.
1791 2367 1829 2413 t.
1853 2380 1904 2413 ιι.
1927 2380 1973 2414 v.
2003 2378 2121 2412 cum
2156 2363 2294 2425 quod

421 2430 488 2479 al.
511 2429 630 2476 libri
654 2430 767 2488 δόξα
790 2443 829 2475 S.
852 2428 995 2487 δόξαι.
1064 2431 1163 2489 [An
1184 2448 1231 2477 τι
1255 2433 1405 2478 δεινὸν
1423 2430 1465 2489 ?]

520 2496 546 2552 ἕ
582 2494 657 2541 38.
732 2492 1153 2567 προύβεβουλεύκει
1173 2492 1342 2540 VOEM.
1476 2492 1610 2540 Ab*
1579 2513 1636 2553 ην
1667 2491 1733 2541 ad
1765 2491 1949 2541 τούτοις
1985 2490 2196 2554 [τούτους
2228 2505 2291 2539 ex

422 2557 577 2617 conj.]
617 2556 776 2617 signis
814 2555 1172 2616 parentheseos
1205 2556 1417 2604 inclusit
1454 2557 1637 2605 Rmsx.
1669 2557 1753 2618 [ab
1789 2552 1846 2616 ἦν
1889 2556 1953 2604 ad
1990 2556 2291 2615 ἀδικημάτων

422 2620 618 2681 Votum]
673 2618 838 2667 Idem.
864 2634 968 2666 om.
994 2623 1071 2667 καὶ
1103 2622 1153 2667 et
1181 2623 1296 2681 post
1321 2619 1504 2668 ἀκούειν
1540 2620 1653 2671 add.
1685 2625 1856 2680 συνέβη
1890 2619 2024 2680 quod
2060 2619 2178 2668 hab.
2207 2619 2286 2667 A‘2.

422 2687 475 2734 et
496 2698 653 2745 marg.
677 2696 776 2730 rec.
802 2682 859 2733 Ο.
888 2685 939 2730 et
975 2697 1114 2744 supr.
1150 2698 1356 2732 versum
1390 2699 1486 2735 rec.
1528 2684 1578 2732 k.
1708 2688 1831 2747 χρῆν
1863 2685 2031 2732 ΒΕΚΚ.
2068 2683 2160 2733 sed
2191 2687 2288 2745 χρὴ

422 2833 743 2883 mosthenem
764 2833 953 2893 pariter
976 2832 1196 2882 caruisse
1217 2833 1307 2881 ho·

422 2911 546 2945 nore
569 2899 652 2946 τοῦ
676 2915 730 2945 τε
758 2900 949 2945 ἐπαίνου
973 2897 1048 2945 καὶ
1082 2900 1165 2958 τῆς
1195 2897 1306 2958 κλή·

424 2980 557 3012 σεως.
562 2964 590 2987 ”
659 2961 944 3011 ΒΟΗΑΕῈῈΒ.

486 3028 511 3084 ξ
543 3027 622 3076 37.
688 3026 1064 3087 διακρουσαμένῳ
1139 3045 1180 3074 κ.
1188 3044 1231 3073 τ.
1234 3028 1283 3073 λ.
1289 3027 1309 3087 ]

424 3089 598 3150 Comp.
656 3103 687 3137 a.
742 3089 936 3136 similar
986 3103 1198 3151 passage
1250 3090 1308 3137 in

424 3152 546 3203 Mid.
575 3168 623 3214 p.
662 3155 802 3214 523„
781 3158 802 3187 ἢ
831 3155 892 3205 27
933 3153 1190 3215 φεύγοντος
1222 3157 1307 3213 μὲν

423 3218 523 3279 ’γὰρ
545 3220 672 3276 οἶμαι
711 3220 789 3267 καὶ
823 3219 1168 3277 ἠδικηκότος
1204 3220 1308 3266 ἐστὶ

423 3284 481 3330 τὸ
514 3285 595 3330 τὸν
628 3284 881 3343 παρόντα
914 3284 1089 3343 τρόπον
1117 3284 1201 3331 τοῦ
1242 3285 1308 3342 μὴ

425 3348 580 3394 δοῦναι
652 3348 782 3403 δίκην
858 3347 1308 3410 διακρουόμενον

424 3427 514 3460 κ.τ.
524 3411 772 3470 λ.--τῷ
781 3412 829 3459 δὲ
844 3412 989 3469 μηδέν
998 3448 1111 3459 ......
1119 3411 1138 3471 ]
1155 3412 1188 3436 “
1202 3410 1309 3457 But

424 3486 521 3521 one
563 3473 676 3521 who
707 3488 809 3521 was
852 3474 1114 3522 conscious
1157 3473 1209 3521 of
1240 3488 1309 3522 no

423 3536 594 3597 {wrong
626 3536 670 3584 it
705 3538 877 3585 struck
908 3552 965 3586 as
1001 3540 1306 3595 monstrouS,

383 3615 389 3620 ·
425 3600 470 3649 if
479 3599 546 3649 he
565 3601 748 3649 should
769 3602 837 3649 lie
861 3601 1023 3649 under
1040 3600 1128 3649 the
1141 3601 1308 3662 impu-

425 3666 591 3715 tation
637 3665 691 3714 of
720 3664 870 3727 being
903 3679 970 3714 an
1007 3665 1310 3726 accomplice

1406 2834 1464 2883 in
1486 2834 1739 2883 shameful
1771 2836 1872 2884 and
1900 2835 2088 2885 wicked
2109 2836 2290 2884 crimes

1407 2899 1474 2960 by
1494 2898 1577 2946 his
1603 2899 1843 2949 silence.'’
1910 2900 1960 2947 If
1982 2900 2069 2948 the
2102 2903 2209 2948 text
2240 2900 2287 2949 is

1407 2963 1546 3023 right
1570 2966 1716 3012 δεινὸν
1736 2964 1854 3011 does
1886 2966 1978 3011 not
2014 2963 2197 3024 belong
2231 2966 2290 3012 to

1409 3027 1651 3077 συνειδότι.
1759 3028 1852 3076 See
1895 3028 2053 3076 below
2095 3043 2142 3089 p.
2192 3030 2288 3078 408

1408 3093 1433 3150 ξ
1457 3092 1550 3141 237
1585 3094 1638 3140 ἐκ
1674 3095 1760 3140 τοῦ
1787 3095 1932 3151 μηδὲν
1961 3094 2151 3152 ἐμαυτῷ
2184 3110 2288 3141 συν-

1410 3158 1577 3203 ειδέναι
1632 3158 1708 3219 (so
1762 3156 1972 3216 Bekker,
2051 3156 2291 3217 omitting

1408 3216 1585 3279 δεινόν).

1471 3285 1596 3342 ξ38.
1663 3285 1719 3333 τὸ
1766 3287 1849 3333 τὸν
1901 3286 2141 3332 Φίλιππον
2147 3322 2262 3333 ......
2268 3284 2289 3345 ]

1408 3347 1592 3394 “That
1627 3346 1749 3408 they
1775 3346 1959 3396 should
1997 3350 2075 3395 set
2117 3347 2290 3409 Philip

1408 3425 1477 3458 on
1521 3426 1551 3459 a
1594 3411 1789 3459 sudden
1826 3414 1879 3460 at
1923 3411 2011 3459 the
2060 3411 2193 3460 head
2236 3412 2290 3459 of

1410 3474 1599 3532 affaire,
1634 3474 1750 3535 and,
1793 3476 1941 3523 when
1977 3474 2021 3523 it
2062 3489 2167 3524 was
2210 3475 2289 3523 for

1408 3552 1535 3600 your
1556 3538 2017 3599 advantage...—at
2055 3551 2150 3587 one
2189 3539 2291 3587 and

1407 3602 1498 3649 the
1529 3617 1667 3650 same
1705 3605 1934 3650 moment
1962 3618 2064 3664 you
2106 3602 2292 3652 should

1406 3664 1532 3714 hear
1554 3667 1618 3714 of·
1637 3666 1851 3728 Philip's
1888 3666 2088 3726 arrival,
2112 3667 2216 3717 and
2247 3667 2291 3717 it
