2667 4142
307 1795 412 1855 Ι55

460 204 492 264 1
501 203 582 265 26
1081 203 1634 269 DEMOSTHEN
1639 204 1721 268 IS

317 373 429 432 154
455 360 563 435 τῆς
614 357 857 443 εἰρήνης
906 362 1376 437 λυσιτελοῦσιν,
1425 358 1545 448 οὐχ
1594 357 1777 440 ὑμεῖς.
1867 358 1974 423 καὶ
2019 358 2197 424 ταῦθ’
2245 358 2342 424 ὅτι
2371 376 2469 448 169

452 459 565 525 οὐκ
604 462 711 526 ἐπὶ
751 467 880 530 τοῖς
920 461 1376 545 συμβεβηκόσι
1417 463 1547 527 νυνὶ
1586 461 1960 542 πλάττομαι
1993 460 2099 525 καὶ
2138 487 2338 545 προσ-

449 568 770 646 ποιοῦμαι,
819 563 998 629 ἀλλὰ
1041 564 1170 630 τότ’
1219 563 1395 633 εὐθὺς
1438 564 1728 646 ἐγνώκειν
1771 564 1879 629 καὶ
1917 564 2339 649 προεωρώμην

450 663 609 749 ὑπὲρ
638 664 811 748 ὑμῶν
839 666 946 731 καὶ
974 664 1216 735 τούτοις
1245 665 1482 747 ἔλεγον,
1507 667 1740 731 ἐκεῖθεν
1768 666 2035 731 εἴσεσθε.
2124 665 2335 746 ἐπειδὴ

448 768 569 855 «γὰρ
601 770 915 849 ἐκκλησία
941 769 1059 852 μὲν
1093 767 1290 835 οὐκέτ’
1319 769 1399 850 ἦν
1439 768 1789 839 ὑπόλοιπος
1828 768 2085 851 οὐδεμία
2123 768 2225 834 διὰ
2263 771 2334 834 τὸ

448 872 1111 960 προκατακεχρῆσθαι,
1144 870 1328 959 ιοὗτοι
1372 871 1423 937 δ’
1467 871 1580 938 οὐκ
1623 870 1915 957 ἀπῄεσαν
1949 869 2100 936 ἀλλ’
2140 870 2332 936 αὐτοῦ
2362 890 2464 946 170

448 974 785 1060 διέτριβον,
843 974 1070 1062 γράφω
1127 974 1450 1062 ψήφισμα
1503 976 1845 1057 βουλεύων,
1908 976 2022 1056 τὴν
2086 976 2330 1056 βουλὴν

445 1078 830 1158 ποιήσαντος
875 1083 989 1145 τοῦ
1028 1077 1226 1158 δήμου
1264 1079 1503 1164 κυρίαν,
1548 1078 1803 1144 ἀπιέναι
1843 1077 1985 1148 τοὺς
2023 1078 2329 1163 πρέσβεις

444 1181 558 1261 τὴν
608 1181 941 1269 ταχίστην,
995 1181 1104 1246 τὸν
1161 1180 1229 1246 δὲ
1279 1181 1641 1267 στρατηογὸν
1692 1182 2012 1268 Πρόξενον
2060 1181 2328 1262 κομίζειν

445 1283 665 1356 αὐτοὺς
706 1285 813 1350 ἐπὶ
853 1282 993 1354 τοὺς
1029 1283 1264 1353 τόπους
1303 1286 1371 1349 ἐν
1405 1284 1496 1354 οἷς
1526 1284 1604 1350 ἂν
1632 1285 1784 1350 ὄντα
1812 1285 2148 1350 Φίλιππον
2176 1311 2325 1351 πυν-
2352 1330 2358 1336 -

444 1385 725 1467 θάνηται,
754 1388 1022 1475 γράψας
1054 1386 1271 1475 ὥσπερ
1303 1394 1411 1454 νῦν
1447 1388 1618 1470 λέγω
1653 1394 1781 1457 τοῖς
1817 1387 2095 1475 ῥήμασιν
2136 1386 2326 1459 οὕτως

444 1486 752 1575 ἄντικρυς.
845 1489 978 1556 Καί
1002 1517 1112 1572 μοι
1141 1491 1289 1574 λέγε
1317 1495 1503 1556 τοῦτο
1534 1490 1606 1554 τὸ
1634 1490 1953 1576 ψήφισμα
1981 1492 2221 1570 λαβών.

1151 1650 1609 1720 ΨΗΦΙΣΜΑ.

567 1775 856 1840 Ἐνθένδε
895 1774 1012 1857 μὲν
1052 1776 1260 1843 τοίνυν
1299 1776 1521 1849 αὐτοὺς
1561 1778 1866 1862 ἐξήσγανγον
1904 1779 2102 1850 οὕτως
2141 1780 2319 1845 ἅκον-
2350 1804 2445 1860 171

440 1903 570 1957 τας,
597 1876 676 1947 ὥς
707 1879 991 1964 καθαρῶς
1020 1878 1112 1949 οἷς
1139 1878 1304 1961 μετὰ
1331 1880 1505 1946 ταῦτ’
1530 1882 1783 1947 ἐποίουν
1806 1881 2073 1948 εἴσεσθε·
2105 1881 2320 1963 ἐπειδὴ

567 2089 592 2146 g
615 2086 724 2136 169.
798 2086 880 2134 νῦν
907 2087 1015 2150 (pro
1038 2089 1153 2149 νυνὶ)
1181 2087 1233 2136 S.
1255 2088 1315 2137 Y.
1338 2101 1379 2137 r.
1405 2087 1504 2136 En.
1550 2088 1731 2137 Tuam.
1758 2089 1915 2137 Dnm.
1947 2089 2118 2139 Volm.
2143 2091 2312 2139 Bnmt.

438 2152 502 2199 st.
574 2151 695 2199 Mox
731 2149 886 2200 οὐκέτι
923 2151 1182 2201 ὑπόλοιπος
1221 2152 1270 2202 S.
1323 2152 1420 2203 En.
1460 2152 1637 2203 Tuam.
1698 2154 1761 2215 [“
1780 2154 1839 2213 ἥν
1866 2167 1974 2202 non
2014 2153 2189 2203 omisit
2230 2155 2314 2203 hio

438 2214 609 2263 Codex
649 2214 808 2263 trium
849 2215 1063 2264 testium
1107 2216 1260 2274 fide‚”
1309 2216 1381 2264 ait
1426 2216 1881 2279 VonM.]—-—Infr.
1923 2220 2092 2281 οἷσπερ
2098 2257 2215 2270 ......
2220 2222 2315 2269 τοῖς

436 2281 640 2342 ῥήμασιν
678 2279 836 2330 αὐτοῖς
870 2280 1050 2329 Lamb.
1087 2280 1143 2329 in
1177 2295 1284 2329 var.
1321 2281 1438 2329 leot.
1478 2295 1525 2342 p.
1566 2282 1675 2332 794.
1748 2282 1995 2341 “Malim,
2032 2286 2195 2347 ὥσπερ
2232 2285 2313 2333 νῦν

437 2346 568 2407 λέγω
605 2343 761 2394 αὐτοῖς
789 2346 1010 2407 ῥήμασιν,
1049 2348 1117 2394 ἀν.
1155 2344 1256 2394 οὖ.”
1321 2346 1486 2396 Dona.
1557 2346 1759 2394 Nollem
1793 2346 1950 2395 edita:
1997 2361 2122 2396 nam
2162 2347 2314 2398 αὐτοῖς

434 2408 636 2471 ῥήμασιν
667 2407 803 2456 nihil
835 2409 977 2456 aliud
1000 2409 1253 2470 signifieat
1288 2424 1443 2470 quam
1474 2425 1579 2459 una
1609 2426 1719 2459 cum
1739 2413 1918 2469 verbis,
1958 2411 2094 2472 quod
2123 2415 2174 2460 et
2205 2413 2312 2474 ipse

437 2473 528 2521 Vir
564 2472 906 2523 Dootissimus
953 2473 1164 2534 pulchre
1201 2477 1413 2522 noverat
1451 2475 1584 2537 [Vid.
1620 2475 1991 2537 Aristophanio.
2030 2490 2077 2537 p.
2122 2477 2225 2539 (60)
2262 2479 2311 2526 et

439 2537 593 2601 (123)]
616 2539 668 2586 et
689 2536 740 2587 h.
756 2537 790 2585 1.
818 2537 942 2585 satis
963 2537 1136 2599 inepte
1159 2537 1357 2588 dieitur.

532 2602 639 2660 §17
646 2603 690 2650 1.
758 2600 1009 2652 ἀκούοντος
1048 2602 1199 2663 pauci
1232 2602 1365 2660 libri,
1405 2603 1628 2652 sollenni
1673 2603 1986 2654 confusione.
2055 2604 2170 2655 vid.
2208 2619 2302 2665 ag.

437 2666 591 2728 Soph.
619 2665 741 2714 Oed.
768 2666 876 2714 Col.
904 2668 1014 2716 172.
1083 2667 1203 2715 Mox
1225 2670 1389 2727 ἐπειδὴ
1410 2670 1507 2731 γὰρ
1531 2669 1748 2718 Somnr.
1817 2666 1919 2718 Sed
1948 2668 2075 2730 quid
2101 2669 2310 2720 habebit

386 2857 393 2863 ·
497 2845 522 2902 ἓ
545 2843 654 2892 169.
723 2843 1093 2908 προσποιοῦμαι]
1182 2844 1316 2906 “lay
1418 2844 1637 2895 words.'’
1698 2846 1801 2895 For
1823 2845 1969 2898 οὕτως
1992 2850 2205 2912 ἄντικρυς
2228 2866 2308 2900 soe

432 2907 583 2955 claim
599 2908 670 2965 to,
690 2910 917 2968 arrogata
938 2910 994 2955 to
1012 2908 1198 2969 myself
1218 2922 1320 2969 any
1418 2912 1445 2972 g
1466 2910 1530 2958 40
1986 2924 1993 2931 ·

1482 2947 1643 3033 §l‘lL
1710 2973 1857 3026 οὕτως
1886 2978 2103 3040 ἄκοντας]
2143 2979 2306 3028 “Fun

431 2969 593 3020 credit
640 2972 720 3020 for
763 2986 850 3033 my
888 2971 1183 3033 foresight‚’'
1233 2987 1317 3021 see

1417 3052 1529 3086 sore
1572 3038 1773 3099 against
1816 3040 1953 3089 their
1989 3042 2093 3089 will
2108 3045 2139 3068 ’²
2181 3043 2304 3092 Tu-

430 3040 457 3097 §
496 3037 781 3084 51.--διὰ
828 3034 883 3085 τὸ
928 3041 1317 3099 προκατακεχρῆ-

432 3101 564 3161 σθαι]
596 3099 862 3148 “because
914 3115 1016 3162 you
1058 3100 1164 3150 had
1205 3116 1315 3163 pre-

428 3165 631 3226 viously
662 3167 785 3212 used
839 3167 971 3212 them
1008 3168 1082 3213 all
1134 3166 1252 3227 up,’'
1286 3181 1316 3214 a

430 3229 739 3278 translation
787 3243 928 3277 more
970 3229 1143 3279 literal
1185 3230 1314 3278 than

429 3294 642 3354 elegant.
712 3294 763 3340 It
786 3293 832 3340 is
854 3293 1163 3342 immaterial
1184 3294 1315 3342 whe-

430 3358 544 3406 ther
587 3361 1066 3419 προκατακεχρῆσθαι
1107 3358 1153 3407 is
1198 3375 1315 3420 pas·

426 3426 531 3470 sive
586 3427 662 3484 (as
716 3424 1106 3484 κατακεχρῆσθαι
1158 3424 1316 3472 Isoor.

427 3487 672 3547 Panegyr.
699 3501 750 3548 p.
775 3487 837 3534 55
862 3485 912 3550 d)
939 3501 997 3535 or
1017 3488 1218 3536 middle.

494 3554 521 3610 ἕ
549 3552 656 3602 170.
725 3554 920 3614 ’γράψας
938 3588 1055 3601 ......
1081 3553 1314 3615 ἄντικρυς]

434 3614 692 3676 “Having
714 3615 917 3663 written
947 3615 990 3663 it
1019 3615 1180 3676 down,
1209 3630 1264 3664 as
1287 3617 1315 3665 I

425 3694 537 3727 now
584 3682 715 3727 state
749 3679 809 3737 it,
845 3679 1103 3741 expressly
1135 3680 1193 3728 in
1225 3679 1314 3730 the

1417 3115 1529 3153 12012.
1594 3103 1688 3153 See
1720 3107 1883 3165 5170,
1915 3104 2019 3154 and
2056 3120 2126 3154 on
2161 3110 2188 3167 ἕ
2220 3109 2295 3158 40.

1415 3166 1572 3216 What
1594 3167 1875 3230 advantage
1897 3184 1971 3218 we
1993 3170 2113 3230 gain
2135 3170 2192 3219 in
2214 3173 2302 3221 the

1415 3232 1756 3292 punctuation
1799 3234 1853 3281 of
1883 3234 2048 3283 Bam.
2087 3238 2151 3283 st.
2201 3238 2301 3286 and

1415 3296 1585 3344 VOEM.
1621 3298 1804 3357 (οὕτως,
1829 3301 2047 3359 ἄκοντας)
2071 3299 2099 3347 Ι
2123 3300 2188 3349 do
2209 3304 2300 3350 not

1415 3374 1514 3408 see.
1537 3389 1666 3398 ——
1688 3363 1924 3424 καθαρῶς]
2014 3370 2046 3392 “
2064 3364 2298 3428 oleatly.”

1413 3427 1440 3485 ὃ
1479 3426 1589 3482 298,
1643 3426 1860 3474 Zenoth.
1906 3442 1954 3488 p.
2007 3430 2106 3479 888
2142 3430 2177 3490 ἓ
2211 3431 2292 3492 21,

1415 3489 1603 3537 Eubul.
1636 3504 1684 3550 p.
1734 3492 1861 3540 1320
1894 3495 1920 3553 ἓ
1947 3492 2023 3551 67,
2067 3490 2295 3555 [Philip]

1413 3553 1669 3614 Epistol.§
1684 3568 1704 3602 1
1720 3557 1931 3614 δηλῶσαι
1954 3560 2183 3620 καθαρῶς.
2208 3558 2295 3623 (So

1412 3617 1585 3666 Reisk.
1626 3618 1797 3667 edited
1833 3620 1889 3671 in
1925 3621 1988 3669 de
2024 3620 2206 3670 Coron.
2239 3637 2288 3684 p.

1414 3682 1556 3742 271ss
1592 3684 1700 3740 131,
1741 3683 1832 3733 but
1870 3685 1957 3735 the
1992 3684 2291 3747 preponder-

2610 400 2617 469 4‘

2606 472 2617 591 ⁴
