2667 4142
256 502 362 575 163

396 200 523 262 134
1013 198 1649 264 DEMOSTHENIS
1727 197 1735 207 ’

1087 380 1569 444 ΜΑΡΤΤΡΙΑ.

500 498 662 566 “Orc
701 499 908 566 τοίνυν
953 499 1076 565 οὐδ’
1109 500 1369 587 ἄρνησίς
1409 502 1587 566 ἐστιν
1625 500 1830 572 αὐτοῖς
1867 501 1939 566 τὸ
1962 501 2053 586 μὴ
2083 499 2261 567 ταῦθ’
2291 508 2418 566 180

389 603 546 690 ὑπὲρ
577 604 913 669 Φιλίππου
939 601 1261 687 πράττειν,
1294 601 1608 669 ἀκούσατέ
1634 630 1772 686 μου.
1859 601 1963 669 ὅτε
1997 603 2118 689 ’γὰρ
2146 602 2264 686 τὴν

388 706 701 794 προτέραν
744 705 1065 791 ἀπῄρομεν
1107 704 1461 789 πρεσβείαν
1503 704 1616 784 τὴν
1657 704 1805 788 περὶ
1846 709 1957 785 τῆς
1998 704 2259 791 εἰρήνης,

390 807 628 893 κήρυκα
673 806 842 889 ὑμεῖς
888 805 1443 893 προαπεστείλατε
1492 804 1669 877 ὅστις
1717 805 1862 886 ἡμῖν
1908 806 2258 873 σπείσεται.

387 911 529 975 τότε
583 910 699 992 μὲν
745 911 968 985 τοίνυν,
1016 907 1096 979 οἷς
1142 908 1427 996 τάχιστα
1477 907 1564 977 εἰς
1609 907 1835 993 Ὠρεὸν
1878 907 2094 989 ἦλθον,
2148 906 2260 974 οὐκ

387 1008 711 1091 ἀνέμειναν
760 1008 868 1073 τὸν
919 1007 1157 1091 κήρυκα
1206 1006 1329 1071 οὐδ’
1381 1007 1688 1087 ἐποίησαν
1742 1006 1972 1096 χρόνον
2027 1007 2259 1085 οὐδένα,

370 1110 587 1175 “Αλου
632 1108 699 1173 δὲ
743 1107 1277 1195 πολιορκουμένου
1327 1107 1711 1173 διέπλευσαν
1757 1107 1840 1178 εἰς
1888 1112 2109 1174 τοῦτον
2153 1110 2262 1175 καὶ

386 1212 591 1276 πάλιν
638 1210 918 1276 ἐντεῦθεν
967 1209 1125 1293 πρὸς
1177 1209 1595 1292 Παρμενίωνα
1643 1207 1750 1274 τὸν
1798 1213 2259 1295 πολιορκοῦντα

385 1309 746 1393 ἐξελθόντες
775 1307 1028 1396 ἀπῆραν
1057 1308 1162 1374 διὰ
1185 1310 1291 1374 τοῦ
1323 1309 1635 1391 πολεμίου
1668 1306 2132 1397 στρατεύματος
2170 1310 2256 1382 εἰς

479 1519 504 1576 ξ
527 1516 633 1569 180.
706 1515 953 1581 ἀπήραμεν
975 1517 1143 1566 anx.
1170 1517 1345 1578 (Oa-on.
1369 1531 1476 1565 non
1490 1518 1735 1579 Berolin.)
1758 1517 1914 1568 Dum.
1985 1517 2136 1579 (81οξ
2160 1517 2256 1567 164

386 1630 704 1692 ἀπήρκεσαν.)
772 1632 1020 1692 ἀπηρόμην
1054 1630 1163 1694 (sic)
1198 1646 1274 1691 pr.
1310 1629 1362 1679 S.
1395 1629 1456 1678 Y.
1523 1596 1782 1692 drhtpdptev
1801 1630 1858 1680 F.
1886 1630 1946 1679 Β.
2014 1630 2257 1693 ἀπῄρομεν

386 1696 443 1746 Ο.
472 1698 511 1744 t.
534 1709 587 1743 u.
654 1694 895 1757 ἀπῄρομεν
914 1698 1030 1756 post
1050 1695 1146 1744 En.
1177 1695 1357 1745 ΤσΒιο.
1378 1694 1570 1758 [Vonu.
1592 1694 1758 1742 Bnn.
1782 1695 1869 1756 st.]
1891 1694 2066 1756 recepi.
2133 1695 2258 1746 Mox

391 1811 495 1866 ὑμῖν
516 1807 937 1869 F.S.Y.Q.O.k
962 1823 1003 1857 r.
1023 1822 1064 1857 s.
1082 1823 1134 1856 u.
1154 1807 1234 1855 Al.

387 1938 484 1986 En.
518 1937 697 1985 Tmuc.

1292 1811 1400 1866 υμῖν
1419 1810 1457 1857 t.
1494 1809 1750 1868 σπείσηται
1773 1806 1830 1857 Ο.
1853 1805 1969 1870 (vid.
1989 1806 2052 1855 ad
2072 1811 2098 1868 ἓ
2116 1808 2225 1857 235.
2229 1806 2249 1871 )

390 1877 551 1924 οὐδένα
571 1875 687 1934 post
707 1874 876 1935 χρόνον
896 1886 996 1921 om.
1027 1886 1104 1933 pr.
1131 1872 1182 1919 S.
1214 1874 1277 1934 [“
1288 1872 1347 1920 in
1368 1872 1470 1922 fine
1492 1872 1672 1928 lineae,
1698 1871 1812 1920 add.
1836 1872 1991 1932 antiq.

830 1939 940 1984 ἀλλ’
974 1935 1078 1984 οὐδὲ
1115 1937 1222 1998 (pro
1246 1935 1402 1985 Ἀλου
1435 1936 1504 2000 δέ)
1537 1936 1598 1984 F.
1615 1935 1676 1983 Y.
1693 1935 1750 1984 Ο.
1773 1936 1884 1985 kr.
1901 1936 1938 1984 t.
1958 1951 2008 1984 u.
2025 1950 2074 1983 v.
2091 1934 2170 1984 A2.
2187 1935 2250 1985 Β.

2001 1872 2227 1921 ”Voem.
2229 1873 2252 1934 ]

385 2003 435 2050 et
456 2015 554 2049 ree.
583 2000 634 2050 S.
702 2002 806 2048 οὐδὲ
829 2000 889 2060 Q.
947 2000 1022 2048 Os.
1046 1999 1205 2061 5385.
1274 2000 1359 2048 Sic
1386 2002 1520 2058 μάλα
1549 2002 1600 2048 et
1628 2002 1792 2055 μάλλὰ
1812 2000 2037 2048 confusa.
2107 1999 2251 2048 Pom.

381 2064 777 2125 Aristoph.1nd.
802 2078 853 2124 p.
880 2063 1031 2125 (164).
1074 2064 1223 2112 Ἅλου
1247 2067 1297 2114 δὲ
1317 2064 1481 2113 Bmm,
1509 2063 1685 2127 (Oxou.
1702 2077 1808 2111 non
1823 2064 2044 2112 Berolin.
2048 2062 2065 2126 )
2085 2064 2244 2114 Dmn.

370 2131 523 2179 ’Δλου
558 2129 726 2177 ΒΕΚΚ.
772 2130 836 2178 st.

378 2320 582 2382 κλείδην]
606 2318 828 2368 ULPIAN:
854 2318 1102 2369 ἀκούσασα
1123 2320 1153 2379 ἡ
1175 2320 1262 2369 πό·

378 2389 449 2437 λις
463 2387 763 2434 ἀπολωλέναι
775 2384 855 2431 τὸν
873 2386 1264 2446 Κερσοβλέπτην,

378 2448 669 2499 ἀπέστειλαν
686 2448 877 2509 ὕστερον
891 2449 1150 2506 Εὐκλείδην
1165 2452 1263 2496 αἰτ-

377 2516 622 2571 ιασόμενον
630 2515 868 2562 Φίλιππον
882 2513 957 2560 διὰ
970 2516 1032 2561 τὰ
1045 2513 1266 2574 ἐνθρᾴκῃ

375 2579 616 2639 γενόμενα.
683 2577 708 2625 ὁ
738 2578 789 2624 δὲ
818 2575 1101 2636 ἀπεκρίνατο
1120 2579 1267 2635 μηδὲν

379 2643 718 2704 ἡμαρτηκέναι.
785 2641 878 2702 ὅψε
898 2643 996 2703 γάρ
1017 2658 1137 2688 ποτε
1159 2659 1262 2690 συν-

378 2708 541 2766 τυχεῖν
561 2706 660 2754 τοῖς
684 2706 930 2766 πρέσβεσι,
959 2707 1035 2752 καὶ
1060 2705 1150 2764 πρό
1172 2707 1266 2752 τῶν

379 2772 528 2830 ὅρκων
548 2770 717 2829 λαβεῖν
739 2766 872 2817 αὑτά..
946 2767 1071 2816 This
1092 2768 1262 2816 Eucli-

377 2832 464 2879 des
496 2831 560 2888 is,
594 2832 621 2878 I
655 2831 818 2892 think,
847 2833 938 2880 not
970 2831 1265 2881 mentioned

377 2894 659 2945 elsewhere.

439 2962 466 3020 ἓ
490 2960 599 3007 180.
664 2959 723 3007 τὸ
741 2960 808 3018 μὴ
830 2960 1076 3021 πράττειν]
1115 2963 1149 2989 “
1163 2958 1261 3008 Est

377 3022 692 3072 aecusativus
728 3023 954 3083 pendens
987 3036 1018 3070 a
1049 3023 1259 3072 nomine

376 3086 613 3147 ἅρνησις.”
650 3086 862 3135 Scmr.
898 3087 1044 3135 Cone.
1065 3089 1173 3134 not.
1193 3101 1262 3135 on

374 3155 403 3213 δ’
423 3153 501 3202 92.
549 3150 646 3198 Yet
668 3154 856 3213 ἄρνησις
876 3165 994 3212 may
1008 3150 1129 3199 here
1146 3165 1261 3211 gov-

376 3230 468 3263 ern
489 3214 546 3263 τὸ
567 3217 794 3275 πράττειν
814 3229 870 3263 as
892 3229 922 3262 a
945 3217 1262 3263 verbal.-—

375 3279 782 3341 ὅτε...οἰπῄρομεν]
804 3284 836 3306 “
855 3278 1023 3326 When
1043 3293 1117 3326 we
1137 3294 1261 3327 were

372 3345 555 3403 settim)
584 3343 717 3391 out.’'
788 3341 881 3390 See
913 3346 1095 3391 Armet.
1127 3344 1253 3393 crit.

373 3406 738 3454 ——Dobree's
770 3405 1055 3465 conjecture
1086 3408 1259 3455 ἐνεποί-

376 3487 498 3530 ησαν
517 3469 546 3516 1
566 3483 651 3517 am
682 3483 795 3518 now
825 3470 1009 3517 almost
1037 3468 1261 3518 inclined

372 3538 427 3582 to
459 3532 611 3594 adopt
641 3532 767 3580 with
786 3533 953 3581 Dind.
987 3533 1098 3581 Vol.
1121 3548 1170 3581 v.
1203 3547 1253 3593 Ρ.

372 3599 483 3647 538.
573 3599 724 3645 ποιεῖν
764 3598 932 3658 χρόνον
980 3598 1058 3658 (or
1109 3600 1261 3645 ποιεῖν

374 3659 578 3723 simply)
624 3673 836 3721 appears
878 3662 934 3708 to
979 3659 1163 3721 belong
1204 3663 1260 3709 to

968 2130 1246 2188 ἐνεποίησαν
1285 2128 1397 2179 vult
1438 2128 1602 2175 DoBB.
1666 2127 1782 2176 Vid.
1825 2130 1933 2176 not.
1937 2132 2255 2190 -λαρισηι

1369 2320 1501 2369 later
1543 2320 1722 2381 Greek,
1770 2335 1812 2370 e.
1827 2335 1875 2382 g.
1918 2321 2027 2372 Aet.
2071 2321 2250 2384 Apost.

1367 2385 1484 2446 [See
1530 2385 1853 2434 Schleusneri
1898 2385 2134 2445 Lexicom
2182 2385 2252 2448 by

1367 2448 1534 2497 whom
1566 2450 1594 2496 Ι
1623 2463 1725 2497 was
1760 2448 1998 2511 formerly
2018 2449 2249 2498 inadver-

1365 2513 1530 2574 tently
1550 2512 1633 2560 led
1653 2515 1707 2560 to
1728 2515 1879 2574 quote
1901 2527 1933 2561 a
1948 2513 2143 2562 similar
2156 2528 2249 2564 use

1366 2578 1421 2625 of
1445 2578 1618 2639 facere
1646 2576 1779 2624 from
1812 2577 1971 2625 Cicer.
2010 2577 2162 2626 Attio.
2193 2592 2241 2629 v,

1366 2642 1445 2688 20.
1510 2640 1613 2689 But
1650 2640 1794 2688 there
1824 2641 1933 2700 join
1965 2643 2094 2703 quod
2120 2643 2251 2691 idem

1355 2706 1584 2767 fecimus,
1621 2703 1666 2752 if
1699 2703 1882 2753 indeed
1913 2704 2002 2752 the
2037 2719 2248 2766 passage

1365 2767 1410 2816 is
1432 2770 1524 2816 not
1546 2770 1786 2829 corrupt]
1848 2768 1877 2815 I
1899 2769 1964 2816 do
1984 2771 2076 2816 not
2096 2768 2248 2819 think

1365 2832 1496 2880 Plat.
1514 2831 1709 2882 Phileb.
1739 2846 1788 2893 p.
1808 2833 1871 2881 50
1887 2833 1933 2880 D
1950 2836 2099 2889 μέσας
2116 2835 2246 2893 ποιή-

1365 2913 1463 2946 σεις
1490 2895 1658 2945 νύκτας
1691 2899 1871 2957 (comp.
1908 2900 2071 2956 ἐπειδὴ
2102 2901 2249 2955 μέσας

1362 2960 1525 3009 νύκτας
1545 2963 1765 3020 γενέσθαι
1796 2960 1920 3021 Bep.
1943 2974 1990 3009 x.
2012 2974 2059 3021 p.
2090 2962 2183 3010 621
2203 2961 2248 3010 Β

1364 3024 1466 3072 and
1486 3024 1553 3085 by
1572 3038 1680 3085 way
1695 3025 1749 3073 of
1769 3024 2078 3072 inustration
2099 3025 2246 3075 Dem.

1364 3088 1543 3136 Conon
1580 3101 1629 3148 Ρ.
1683 3089 1804 3136 1265
1850 3090 1875 3147 ἓ
1916 3089 1979 3136 26
2022 3091 2250 3148 ἐποίησαν

1364 3155 1452 3212 ἔξω
1472 3154 1631 3211 μέσων
1648 3154 1824 3200 νυκτῶν
1843 3155 1929 3210 τὴν
1944 3152 2085 3214 ὤραν)
2102 3152 2249 3213 helpe

1363 3218 1515 3264 ποιεῖν
1543 3217 1727 3277 χρόνον.
1791 3216 1844 3263 Is
1873 3216 1961 3264 the
1991 3219 2099 3264 text
2128 3215 2173 3263 is
2194 3220 2249 3264 to

1364 3279 1531 3336 stand,
1569 3294 1640 3326 we
1674 3293 1793 3340 may
1826 3278 2047 3340 perhaps
2084 3281 2248 3328 trane-

1358 3343 1489 3393 late:
1537 3348 1568 3372 “
1586 3343 1771 3391 caused
1810 3357 1880 3390 no
1922 3342 2111 3407 delay”
2148 3342 2250 3392 and

1363 3420 1528 3467 comp.
1540 3409 1708 3469 χρόνον
1719 3409 1999 3469 γιγνομένου
2009 3421 2046 3455 1.
2070 3406 2246 3468 Skeph.

1361 3484 1414 3531 p.
1441 3472 1564 3519 1102
1587 3473 1611 3530 ἓ
1632 3471 1679 3528 4,
1712 3470 1879 3518 where
1911 3473 2247 3533 ἐγγιγνομένω

1365 3533 1611 3596 (Thucyd.
1648 3548 1715 3584 xv,
1754 3535 1867 3595 111)
1905 3535 2073 3583 would
2111 3548 2247 3583 seem

1364 3611 1505 3645 more
1519 3597 1852 3659 appropriate.

1366 3667 1398 3690 ‘⁸
1419 3660 1621 3711 Scilicet
1648 3663 1731 3711 τὸν
1748 3663 1911 3713 Ἅλον.

1983 3601 2048 3647 εἰς
2062 3598 2246 3659 τοῦτον]

1982 3662 2116 3724 Ergo
2157 3676 2245 3724 pa-
