2667 4142
1343 238 1387 301 4

424 396 756 475 ἐπιδοῦναι,
789 394 893 461 καὶ
921 394 1384 479 ἀπολογεῖσθαι
1414 390 1510 459 ὅτι
1539 391 1799 474 ἠγνόουν
1830 391 1892 457 οἱ
1909 396 2296 478 στρατιῶται

423 497 519 564 ὅτι
564 498 880 583 ἱερομηνία
921 498 1075 565 ἐστί.
1162 497 1269 563 καὶ
1307 494 1550 565 τούτοις
1588 495 1788 560 πάλιν
1826 494 2052 576 ὁμοίως
2081 495 2296 578 ἔλεγεν

422 598 505 668 ὦς
533 598 717 685 φίλος
748 599 874 682 εἰμὶ
911 598 1282 678 Ἀθηναίοις.
1369 596 1476 663 καὶ
1517 596 1802 666 ἐλθόντες
1831 596 1916 666 εἰς
1947 596 2058 676 τὴν
2085 597 2291 664 Ἀττι-

422 701 538 782 κὴν
584 703 664 767 τὰ
713 701 875 767 αὐτὰ.
922 707 1050 772 τοῖς
1096 702 1320 771 ἄλλοις
1367 700 1777 783 ἀπήγγειλαν.
1864 705 2067 767 ταῦτα
2114 700 2292 765 ἀκού-

422 833 646 877 σαντες
686 806 1014 887 Ἀθηναῖοι
1059 805 1399 885 ἐβούλοντο
1442 806 1665 888 μαθεῖν
1714 803 1771 869 εἰ
1816 804 1950 886 μετ’
1998 802 2293 883 ἀληθείας

421 908 666 994 εἰρήνην
713 908 887 992 ἄγειν
930 908 1238 986 βούλεται
1287 910 1649 979 Φίλιππος.
1737 909 1844 975 καὶ
1892 907 1968 989 δὴ
2013 935 2293 995 χειροτο-

265 1012 389 1089 336
421 1016 598 1078 νοῦσι
634 1012 644 1099 Ι
684 1012 834 1077 δέκα
854 1013 1174 1099 πρέσβεις.
1238 1012 1363 1078 εἶσὶ
1394 1012 1444 1078 δ’
1476 1012 1646 1079 οὗτοι
1672 1016 2038 1099 Κτησιφῶν,
2074 1013 2290 1101 Ἀρισ-

421 1115 698 1197 τόδημος,
733 1115 1115 1201 Ἰατροκλῆς,
1156 1114 1399 1197 Κίμων,
1447 1117 1843 1197 Ναυσικλῆς,
1880 1116 2288 1199 ΔέρκυλλοςῚ,

420 1217 696 1304 Φρύνων,
751 1218 1173 1305 Φιλοκράτης,
1234 1217 1562 1305 Αἰσχίνης,
1624 1217 2049 1300 Δημοσθένης.
2134 1218 2291 1299 πέμ-

419 1345 618 1385 πουσι
647 1319 714 1385 δὲ
741 1320 997 1390 τούτους
1037 1319 1122 1389 εἰς
1158 1319 1576 1398 Μακεδονίαν,
1624 1318 1726 1386 ἵνα
1753 1320 2046 1402 μάθωσιν
2074 1319 2131 1386 εἰ
2155 1319 2291 1402 μετ’

419 1420 716 1501 ἀληθείας
753 1421 1058 1501 βούλεται
1102 1422 1350 1508 εἰρήνην
1391 1421 1568 1505 ἄγειν
1610 1422 1642 1487 5
1691 1426 2041 1496 Φίλιππος·
2084 1425 2189 1490 καὶ
2236 1427 2293 1492 εἰ

418 1521 650 1603 α’ληθές
679 1523 871 1601 ἐστιν,
905 1522 1149 1605 ε’νέγκαι
1175 1520 1326 1607 παρ’
1357 1521 1549 1588 αὐτοῦ
1578 1524 1882 1609 πρέσβεις
1912 1524 2052 1595 τοὺς
2077 1531 2290 1613 ληψο-

415 1625 637 1708 μένους
672 1623 813 1695 τοὺς
846 1622 1078 1711 ὅρκους.
1167 1622 1573 1690 ἀπελθόντων
1610 1623 1719 1691 οὖν
1756 1628 1882 1692 τῶν
1920 1626 2067 1691 δέκα
2094 1628 2290 1713 πρέσ-

416 1731 607 1807 βεων,
633 1727 716 1792 ὧν
736 1727 814 1808 ἧν
838 1728 943 1791 καὶ
964 1727 1391 1809 Δημοσθένης,
1411 1727 1649 1810 ἤγαγον
1672 1726 1801 1792 ἀπὸ
1822 1732 1931 1793 τοῦ
1954 1727 2290 1795 Φιλίππου

418 1837 581 1917 τρεῖς
626 1830 948 1917 πρέσβεις,
999 1827 1423 1913 Ἀντίπατρον
1473 1831 1891 1916 Παρμενίωνα
1941 1832 2046 1895 καὶ
2094 1831 2288 1915 Εὐρύ-

416 1943 634 2022 λοχον,
676 1931 1041 2019 ὀφείλοντας
1072 1933 1306 2009 λαβεῖν
1347 1930 1488 2001 τοὺς
1531 1931 1764 2017 ὅρκους.
1853 1934 2290 2015 συναγομένων

420 2037 488 2104 δὲ
525 2040 649 2101 τῶν
687 2035 1045 2120 συμμάχων
1087 2036 1210 2099 τῶν
1250 2031 1607 2113 Ἀθηναίων
1649 2034 1756 2098 ἐπὶ
1798 2037 1887 2120 τῷ
1927 2040 2291 2124 παρασχεῖν

419 2136 561 2207 τοὺς
608 2136 825 2223 ὅρκους
864 2135 1096 2223 ’χρόνος
1152 2132 1543 2222 παρήρχετο.
1629 2135 1735 2200 καὶ
1792 2134 2120 2217 γινώσκων
2173 2137 2290 2217 τὴν

423 2238 616 2326 φύσιν
645 2242 756 2305 τοῦ
785 2236 1123 2302 Φιλίππου
1152 2234 1184 2299 5
1215 2234 1645 2318 Δημοσθένης,
1689 2236 1769 2305 ὦς
1809 2236 1906 2302 ἀεὶ
1946 2264 2289 2326 καταστρε-

422 2340 694 2426 φομένου
714 2340 821 2405 καὶ
832 2331 1302 2423 ’ἐπηρεάζοντοῇ
1327 2337 1501 2420 λέγει
1522 2345 1650 2409 τοῖς
1669 2340 2024 2419 Ἀθηναίοις
2046 2342 2288 2428 ταχέως

420 2443 630 2510 δοῦναι
674 2442 814 2513 τοὺς
856 2440 1088 2525 ὅρκους,
1125 2441 1232 2506 καὶ
1272 2441 1362 2522 μὴ
1405 2442 1714 2528 παρόντος
1762 2444 2285 2528 Κερσοβλέπτου·

417 2550 599 2626 ἔλεγε
647 2544 770 2629 γὰρ
830 2542 926 2609 ’ὅτι
983 2543 1070 2612 εἰς
1127 2542 1240 2623 τὴν
1298 2542 1559 2630 Θρᾴκην
1617 2541 2065 2631 ἀπερχομένων
2113 2546 2288 2630 ἡμῶν

415 2646 674 2729 παρέξει
718 2644 858 2714 τοὺς
893 2643 1109 2730 ὅρκους
1148 2642 1181 2707 5
1220 2643 1742 2729 Κερσοβλέπτης.
1828 2644 2037 2710 ἰστέον
2080 2646 2149 2711 δὲ
2190 2647 2287 2714 ὅτι

415 2745 824 2830 Δημοσθένης
883 2743 1199 2827 ἆπῆλθενεἰ
1255 2748 1322 2810 ἐν
1380 2748 1458 2830 τῇ
1516 2744 1774 2833 δευτέρᾳ
1824 2747 2142 2835 πρεσβείᾳ,
2187 2748 2290 2814 διὰ

415 2846 707 2928 τοιαύτην
763 2846 1106 2934 πρόφασιν·
1180 2844 1478 2912 ἀπελθὼν
1534 2846 1656 2930 γὰρ
1718 2846 1804 2915 εἷς
1863 2845 1977 2924 τὴν
2031 2847 2287 2933 πρώτην

414 2948 765 3034 πρεσβείαν
816 2948 987 3034 εὗρεν
1033 2949 1097 3013 ἐν
1145 2947 1508 3034 Μακεδονίᾳ
1552 2946 1721 3017 τινὰς
1772 2950 1896 3011 τῶν
1938 2948 2286 3029 Ἀθηναίων

414 3050 873 3138 αἰχμαλώτους,
921 3049 1026 3114 καὶ
1070 3048 1390 3136 ὑπέσχετο
1436 3053 1648 3136 φέρειν
1677 3051 1746 3114 ἐκ
1774 3052 1896 3116 τῶν
1928 3048 2101 3115 ἰδίων
2127 3077 2283 3138 χρη-

412 3154 629 3235 μάτων
684 3152 793 3217 καὶ
841 3152 1161 3239 ῥύσασθαι
1207 3150 1445 3225 αὐτούς,
1507 3149 1617 3215 οὐκ
1667 3150 1918 3215 ἐδύνατο
1976 3151 2047 3215 δὲ
2102 3154 2285 3216 τοῦτο

412 3258 697 3335 ποιῆσαι,
727 3253 784 3318 εἰ
814 3255 901 3337 μὴ
942 3255 1008 3318 ἐν
1049 3252 1467 3338 προσχήματι
1509 3255 1920 3337 πρεσβευτοῦ.
2009 3251 2191 3334 ἔλεγε
2219 3252 2287 3319 δὲ

413 3357 527 3439 τὴν
559 3356 915 3443 πρεσβείαν
950 3356 1251 3421 ἀπελθεῖν
1290 3357 1442 3443 πλῷ
1484 3353 1588 3419 διὰ
1627 3355 1731 3420 τὸ9
1773 3354 1995 3425 αὐτοὺς
2037 3355 2284 3445 ταχέως

476 3510 590 3560 336.
657 3510 728 3573 (7)
754 3515 786 3538 “
803 3508 971 3556 Immo
1016 3510 1296 3570 Δερκύλος”
1398 3508 1692 3555 constanter
1738 3506 1894 3555 Godd.
1949 3507 2283 3557 Probabiliter

411 3574 513 3623 En.
572 3573 749 3622 Tuum.
804 3573 953 3621 Dem.
997 3572 1094 3622 396
1131 3576 1158 3633 ς
1204 3573 1296 3621 193
1399 3571 1619 3621 Samnn-
1654 3573 1737 3620 οὐκ
1768 3571 1828 3620 ἂν
1857 3574 1941 3622 ἀπ.
1978 3574 2029 3621 ἐν
2058 3574 2124 3633 τῇ
2159 3575 2199 3621 δ.
2228 3591 2281 3623 π.

410 3638 503 3687 ubi
557 3639 586 3685 2
641 3637 794 3687 Godd.
854 3639 1134 3698 Δέρκυλλος.
1183 3635 1298 3687 vid.
1398 3638 1527 3695 εἰμὴ
1562 3637 1639 3684 διὰ
1667 3652 1712 3685 τ.
1741 3653 1794 3685 π.
1854 3637 1920 3698 (9)
1946 3638 2025 3685 διὰ
2049 3639 2119 3686 τὸ.
2160 3636 2284 3685 “for
2345 3645 2348 3648 ’

411 3701 669 3765 Aristoph.
694 3702 842 3764 Vesp.
868 3704 946 3753 78.
1015 3702 1082 3764 (8)
1107 3703 1190 3753 οὐκ
1211 3702 1297 3754 ἀπ.
1396 3698 1486 3752 the
1523 3699 1644 3750 sake
1685 3699 1740 3749 of
1779 3697 2070 3752 then-...La
2108 3702 2163 3752 to
2193 3699 2284 3751 the
